%YAML 1.1
%TAG !u! tag:unity3d.com,2011:
--- !u!29 &1
OcclusionCullingSettings:
  m_ObjectHideFlags: 0
  serializedVersion: 2
  m_OcclusionBakeSettings:
    smallestOccluder: 5
    smallestHole: 0.25
    backfaceThreshold: 100
  m_SceneGUID: 00000000000000000000000000000000
  m_OcclusionCullingData: {fileID: 0}
--- !u!104 &2
RenderSettings:
  m_ObjectHideFlags: 0
  serializedVersion: 9
  m_Fog: 0
  m_FogColor: {r: 0.5, g: 0.5, b: 0.5, a: 1}
  m_FogMode: 3
  m_FogDensity: 0.01
  m_LinearFogStart: 0
  m_LinearFogEnd: 300
  m_AmbientSkyColor: {r: 0.8301887, g: 0.8301887, b: 0.8301887, a: 1}
  m_AmbientEquatorColor: {r: 0.6320754, g: 0.6320754, b: 0.6320754, a: 1}
  m_AmbientGroundColor: {r: 0.6132076, g: 0.6132076, b: 0.6132076, a: 1}
  m_AmbientIntensity: 1.03
  m_AmbientMode: 3
  m_SubtractiveShadowColor: {r: 0.42, g: 0.478, b: 0.627, a: 1}
  m_SkyboxMaterial: {fileID: 2100000, guid: 3933b686cb65878429aab7cf966d8d40, type: 2}
  m_HaloStrength: 0.5
  m_FlareStrength: 1
  m_FlareFadeSpeed: 3
  m_HaloTexture: {fileID: 0}
  m_SpotCookie: {fileID: 10001, guid: 0000000000000000e000000000000000, type: 0}
  m_DefaultReflectionMode: 0
  m_DefaultReflectionResolution: 128
  m_ReflectionBounces: 1
  m_ReflectionIntensity: 0
  m_CustomReflection: {fileID: 0}
  m_Sun: {fileID: 0}
  m_IndirectSpecularColor: {r: 0, g: 0, b: 0, a: 0}
  m_UseRadianceAmbientProbe: 0
--- !u!157 &3
LightmapSettings:
  m_ObjectHideFlags: 0
  serializedVersion: 11
  m_GIWorkflowMode: 1
  m_GISettings:
    serializedVersion: 2
    m_BounceScale: 1
    m_IndirectOutputScale: 1
    m_AlbedoBoost: 1
    m_EnvironmentLightingMode: 0
    m_EnableBakedLightmaps: 0
    m_EnableRealtimeLightmaps: 1
  m_LightmapEditorSettings:
    serializedVersion: 12
    m_Resolution: 2
    m_BakeResolution: 40
    m_AtlasSize: 1024
    m_AO: 0
    m_AOMaxDistance: 1
    m_CompAOExponent: 1
    m_CompAOExponentDirect: 0
    m_ExtractAmbientOcclusion: 0
    m_Padding: 2
    m_LightmapParameters: {fileID: 0}
    m_LightmapsBakeMode: 1
    m_TextureCompression: 1
    m_FinalGather: 0
    m_FinalGatherFiltering: 1
    m_FinalGatherRayCount: 256
    m_ReflectionCompression: 2
    m_MixedBakeMode: 2
    m_BakeBackend: 1
    m_PVRSampling: 1
    m_PVRDirectSampleCount: 32
    m_PVRSampleCount: 512
    m_PVRBounces: 2
    m_PVREnvironmentSampleCount: 256
    m_PVREnvironmentReferencePointCount: 2048
    m_PVRFilteringMode: 1
    m_PVRDenoiserTypeDirect: 1
    m_PVRDenoiserTypeIndirect: 1
    m_PVRDenoiserTypeAO: 1
    m_PVRFilterTypeDirect: 0
    m_PVRFilterTypeIndirect: 0
    m_PVRFilterTypeAO: 0
    m_PVREnvironmentMIS: 1
    m_PVRCulling: 1
    m_PVRFilteringGaussRadiusDirect: 1
    m_PVRFilteringGaussRadiusIndirect: 5
    m_PVRFilteringGaussRadiusAO: 2
    m_PVRFilteringAtrousPositionSigmaDirect: 0.5
    m_PVRFilteringAtrousPositionSigmaIndirect: 2
    m_PVRFilteringAtrousPositionSigmaAO: 1
    m_ExportTrainingData: 0
    m_TrainingDataDestination: TrainingData
    m_LightProbeSampleCountMultiplier: 4
  m_LightingDataAsset: {fileID: 0}
  m_UseShadowmask: 1
--- !u!196 &4
NavMeshSettings:
  serializedVersion: 2
  m_ObjectHideFlags: 0
  m_BuildSettings:
    serializedVersion: 2
    agentTypeID: 0
    agentRadius: 0.5
    agentHeight: 2
    agentSlope: 45
    agentClimb: 0.4
    ledgeDropHeight: 0
    maxJumpAcrossDistance: 0
    minRegionArea: 2
    manualCellSize: 0
    cellSize: 0.16666667
    manualTileSize: 0
    tileSize: 256
    accuratePlacement: 0
    debug:
      m_Flags: 0
  m_NavMeshData: {fileID: 0}
--- !u!1 &2606828 stripped
GameObject:
  m_CorrespondingSourceObject: {fileID: 8116158019414660190, guid: cfb96eda5e4c4174691b41194c5d3994,
    type: 3}
  m_PrefabInstance: {fileID: 8116158019412284082}
  m_PrefabAsset: {fileID: 0}
--- !u!4 &57444770 stripped
Transform:
  m_CorrespondingSourceObject: {fileID: 3496375368876573162, guid: c66cff3cdb9884ad5a26b9c357f65571,
    type: 3}
  m_PrefabInstance: {fileID: 3496375368824965192}
  m_PrefabAsset: {fileID: 0}
--- !u!114 &57444771 stripped
MonoBehaviour:
  m_CorrespondingSourceObject: {fileID: 3496375368876573163, guid: c66cff3cdb9884ad5a26b9c357f65571,
    type: 3}
  m_PrefabInstance: {fileID: 3496375368824965192}
  m_PrefabAsset: {fileID: 0}
  m_GameObject: {fileID: 0}
  m_Enabled: 1
  m_EditorHideFlags: 0
  m_Script: {fileID: 11500000, guid: 1e23079122a6a824ebc68cc1513cf3f8, type: 3}
  m_Name: 
  m_EditorClassIdentifier: 
--- !u!1 &72544036 stripped
GameObject:
  m_CorrespondingSourceObject: {fileID: 8116158019484728726, guid: cfb96eda5e4c4174691b41194c5d3994,
    type: 3}
  m_PrefabInstance: {fileID: 8116158019412284082}
  m_PrefabAsset: {fileID: 0}
--- !u!4 &82942594 stripped
Transform:
  m_CorrespondingSourceObject: {fileID: 4760721392214064583, guid: fca003cc85b67456d9058c2f8a4f2808,
    type: 3}
  m_PrefabInstance: {fileID: 4760721392280020805}
  m_PrefabAsset: {fileID: 0}
--- !u!114 &82942596 stripped
MonoBehaviour:
  m_CorrespondingSourceObject: {fileID: 4760721392214064577, guid: fca003cc85b67456d9058c2f8a4f2808,
    type: 3}
  m_PrefabInstance: {fileID: 4760721392280020805}
  m_PrefabAsset: {fileID: 0}
  m_GameObject: {fileID: 0}
  m_Enabled: 1
  m_EditorHideFlags: 0
  m_Script: {fileID: 11500000, guid: 1e23079122a6a824ebc68cc1513cf3f8, type: 3}
  m_Name: 
  m_EditorClassIdentifier: 
--- !u!4 &92285213 stripped
Transform:
  m_CorrespondingSourceObject: {fileID: 4760721392204516952, guid: fca003cc85b67456d9058c2f8a4f2808,
    type: 3}
  m_PrefabInstance: {fileID: 4760721392280020805}
  m_PrefabAsset: {fileID: 0}
--- !u!1 &181501035
GameObject:
  m_ObjectHideFlags: 0
  m_CorrespondingSourceObject: {fileID: 0}
  m_PrefabInstance: {fileID: 0}
  m_PrefabAsset: {fileID: 0}
  serializedVersion: 6
  m_Component:
  - component: {fileID: 181501037}
  - component: {fileID: 181501036}
  m_Layer: 0
  m_Name: XRController
  m_TagString: XRController
  m_Icon: {fileID: 0}
  m_NavMeshLayer: 0
  m_StaticEditorFlags: 0
  m_IsActive: 1
--- !u!114 &181501036
MonoBehaviour:
  m_ObjectHideFlags: 0
  m_CorrespondingSourceObject: {fileID: 0}
  m_PrefabInstance: {fileID: 0}
  m_PrefabAsset: {fileID: 0}
  m_GameObject: {fileID: 181501035}
  m_Enabled: 1
  m_EditorHideFlags: 0
  m_Script: {fileID: 11500000, guid: a1dc3a64e543fcfee1f8b2ab6ccc4d6c, type: 3}
  m_Name: 
  m_EditorClassIdentifier: 
  enableRemote: 1
  remoteOnly: 0
  enableLighting: 0
  enableCamera: 1
  enableSurfaces: 1
  enableVerticalSurfaces: 0
  enableCameraAutofocus: 0
  requestAndroidCameraPermissions: 1
--- !u!4 &181501037
Transform:
  m_ObjectHideFlags: 0
  m_CorrespondingSourceObject: {fileID: 0}
  m_PrefabInstance: {fileID: 0}
  m_PrefabAsset: {fileID: 0}
  m_GameObject: {fileID: 181501035}
  m_LocalRotation: {x: 0, y: 0, z: 0, w: 1}
  m_LocalPosition: {x: 0, y: 0, z: 0}
  m_LocalScale: {x: 1, y: 1, z: 1}
  m_Children: []
  m_Father: {fileID: 0}
  m_RootOrder: 3
  m_LocalEulerAnglesHint: {x: 0, y: 0, z: 0}
--- !u!4 &281292205 stripped
Transform:
  m_CorrespondingSourceObject: {fileID: 1042493957094228495, guid: c0c69e8385a0348b598e0c78eb0b8651,
    type: 3}
  m_PrefabInstance: {fileID: 1042493957374996386}
  m_PrefabAsset: {fileID: 0}
--- !u!114 &281292206 stripped
MonoBehaviour:
  m_CorrespondingSourceObject: {fileID: 1042493957094228492, guid: c0c69e8385a0348b598e0c78eb0b8651,
    type: 3}
  m_PrefabInstance: {fileID: 1042493957374996386}
  m_PrefabAsset: {fileID: 0}
  m_GameObject: {fileID: 0}
  m_Enabled: 1
  m_EditorHideFlags: 0
  m_Script: {fileID: 11500000, guid: 1e23079122a6a824ebc68cc1513cf3f8, type: 3}
  m_Name: 
  m_EditorClassIdentifier: 
--- !u!1 &352631000
GameObject:
  m_ObjectHideFlags: 0
  m_CorrespondingSourceObject: {fileID: 0}
  m_PrefabInstance: {fileID: 0}
  m_PrefabAsset: {fileID: 0}
  serializedVersion: 6
  m_Component:
  - component: {fileID: 352631003}
  - component: {fileID: 352631002}
  - component: {fileID: 352631001}
  m_Layer: 0
  m_Name: Point Light (1)
  m_TagString: Untagged
  m_Icon: {fileID: 0}
  m_NavMeshLayer: 0
  m_StaticEditorFlags: 0
  m_IsActive: 1
--- !u!114 &352631001
MonoBehaviour:
  m_ObjectHideFlags: 0
  m_CorrespondingSourceObject: {fileID: 0}
  m_PrefabInstance: {fileID: 0}
  m_PrefabAsset: {fileID: 0}
  m_GameObject: {fileID: 352631000}
  m_Enabled: 0
  m_EditorHideFlags: 0
  m_Script: {fileID: 11500000, guid: 927ac99b13f73584afd0d26871bfea88, type: 3}
  m_Name: 
  m_EditorClassIdentifier: 
--- !u!108 &352631002
Light:
  m_ObjectHideFlags: 0
  m_CorrespondingSourceObject: {fileID: 0}
  m_PrefabInstance: {fileID: 0}
  m_PrefabAsset: {fileID: 0}
  m_GameObject: {fileID: 352631000}
  m_Enabled: 1
  serializedVersion: 10
  m_Type: 2
  m_Shape: 0
  m_Color: {r: 0.8301887, g: 0.8301887, b: 0.8301887, a: 1}
  m_Intensity: 0.8
  m_Range: 3.67
  m_SpotAngle: 30
  m_InnerSpotAngle: 21.80208
  m_CookieSize: 10
  m_Shadows:
    m_Type: 2
    m_Resolution: -1
    m_CustomResolution: -1
    m_Strength: 1
    m_Bias: 0.05
    m_NormalBias: 0.4
    m_NearPlane: 0.2
    m_CullingMatrixOverride:
      e00: 1
      e01: 0
      e02: 0
      e03: 0
      e10: 0
      e11: 1
      e12: 0
      e13: 0
      e20: 0
      e21: 0
      e22: 1
      e23: 0
      e30: 0
      e31: 0
      e32: 0
      e33: 1
    m_UseCullingMatrixOverride: 0
  m_Cookie: {fileID: 0}
  m_DrawHalo: 0
  m_Flare: {fileID: 0}
  m_RenderMode: 0
  m_CullingMask:
    serializedVersion: 2
    m_Bits: 4294967295
  m_RenderingLayerMask: 1
  m_Lightmapping: 4
  m_LightShadowCasterMode: 0
  m_AreaSize: {x: 1, y: 1}
  m_BounceIntensity: 0
  m_ColorTemperature: 6570
  m_UseColorTemperature: 0
  m_BoundingSphereOverride: {x: 0, y: 0, z: 0, w: 0}
  m_UseBoundingSphereOverride: 0
  m_ShadowRadius: 0
  m_ShadowAngle: 0
--- !u!4 &352631003
Transform:
  m_ObjectHideFlags: 0
  m_CorrespondingSourceObject: {fileID: 0}
  m_PrefabInstance: {fileID: 0}
  m_PrefabAsset: {fileID: 0}
  m_GameObject: {fileID: 352631000}
  m_LocalRotation: {x: -0, y: -0, z: -0, w: 1}
  m_LocalPosition: {x: -0.49520004, y: 0.0291, z: 0.459}
  m_LocalScale: {x: 1, y: 1, z: 1}
  m_Children: []
  m_Father: {fileID: 893530051}
  m_RootOrder: 1
  m_LocalEulerAnglesHint: {x: 0, y: 0, z: 0}
--- !u!1 &422886539
GameObject:
  m_ObjectHideFlags: 0
  m_CorrespondingSourceObject: {fileID: 0}
  m_PrefabInstance: {fileID: 0}
  m_PrefabAsset: {fileID: 0}
  serializedVersion: 6
  m_Component:
  - component: {fileID: 422886540}
  m_Layer: 0
  m_Name: Slides
  m_TagString: Untagged
  m_Icon: {fileID: 0}
  m_NavMeshLayer: 0
  m_StaticEditorFlags: 0
  m_IsActive: 1
--- !u!4 &422886540
Transform:
  m_ObjectHideFlags: 0
  m_CorrespondingSourceObject: {fileID: 0}
  m_PrefabInstance: {fileID: 0}
  m_PrefabAsset: {fileID: 0}
  m_GameObject: {fileID: 422886539}
  m_LocalRotation: {x: 0, y: 0, z: 0, w: 1}
  m_LocalPosition: {x: 0, y: 0, z: 0}
  m_LocalScale: {x: 1, y: 1, z: 1}
  m_Children:
  - {fileID: 1297332211}
  - {fileID: 893530051}
  m_Father: {fileID: 0}
  m_RootOrder: 7
  m_LocalEulerAnglesHint: {x: 0, y: 0, z: 0}
--- !u!1 &435259707
GameObject:
  m_ObjectHideFlags: 0
  m_CorrespondingSourceObject: {fileID: 0}
  m_PrefabInstance: {fileID: 0}
  m_PrefabAsset: {fileID: 0}
  serializedVersion: 6
  m_Component:
  - component: {fileID: 435259709}
  - component: {fileID: 435259708}
  m_Layer: 0
  m_Name: Directional Light
  m_TagString: Untagged
  m_Icon: {fileID: 0}
  m_NavMeshLayer: 0
  m_StaticEditorFlags: 0
  m_IsActive: 0
--- !u!108 &435259708
Light:
  m_ObjectHideFlags: 0
  m_CorrespondingSourceObject: {fileID: 0}
  m_PrefabInstance: {fileID: 0}
  m_PrefabAsset: {fileID: 0}
  m_GameObject: {fileID: 435259707}
  m_Enabled: 1
  serializedVersion: 10
  m_Type: 1
  m_Shape: 0
  m_Color: {r: 1, g: 1, b: 1, a: 1}
  m_Intensity: 1
  m_Range: 10
  m_SpotAngle: 30
  m_InnerSpotAngle: 21.80208
  m_CookieSize: 10
  m_Shadows:
    m_Type: 2
    m_Resolution: 3
    m_CustomResolution: -1
    m_Strength: 0.436
    m_Bias: 0.038
    m_NormalBias: 0
    m_NearPlane: 0.1
    m_CullingMatrixOverride:
      e00: 1
      e01: 0
      e02: 0
      e03: 0
      e10: 0
      e11: 1
      e12: 0
      e13: 0
      e20: 0
      e21: 0
      e22: 1
      e23: 0
      e30: 0
      e31: 0
      e32: 0
      e33: 1
    m_UseCullingMatrixOverride: 0
  m_Cookie: {fileID: 0}
  m_DrawHalo: 0
  m_Flare: {fileID: 0}
  m_RenderMode: 0
  m_CullingMask:
    serializedVersion: 2
    m_Bits: 4294967295
  m_RenderingLayerMask: 1
  m_Lightmapping: 4
  m_LightShadowCasterMode: 0
  m_AreaSize: {x: 1, y: 1}
  m_BounceIntensity: 1
  m_ColorTemperature: 6570
  m_UseColorTemperature: 0
  m_BoundingSphereOverride: {x: 0, y: 0, z: 0, w: 0}
  m_UseBoundingSphereOverride: 0
  m_ShadowRadius: 0
  m_ShadowAngle: 0
--- !u!4 &435259709
Transform:
  m_ObjectHideFlags: 0
  m_CorrespondingSourceObject: {fileID: 0}
  m_PrefabInstance: {fileID: 0}
  m_PrefabAsset: {fileID: 0}
  m_GameObject: {fileID: 435259707}
  m_LocalRotation: {x: 0.05183077, y: -0.8994662, z: 0.41942754, w: 0.11115177}
  m_LocalPosition: {x: 0, y: 3, z: 0}
  m_LocalScale: {x: 1, y: 1, z: 1}
  m_Children: []
  m_Father: {fileID: 0}
  m_RootOrder: 1
  m_LocalEulerAnglesHint: {x: 50.000004, y: -165.91101, z: 0}
--- !u!114 &605954181 stripped
MonoBehaviour:
  m_CorrespondingSourceObject: {fileID: 8116158018944496183, guid: cfb96eda5e4c4174691b41194c5d3994,
    type: 3}
  m_PrefabInstance: {fileID: 8116158019412284082}
  m_PrefabAsset: {fileID: 0}
  m_GameObject: {fileID: 0}
  m_Enabled: 1
  m_EditorHideFlags: 0
  m_Script: {fileID: 11500000, guid: f4688fdb7df04437aeb418b961361dc5, type: 3}
  m_Name: 
  m_EditorClassIdentifier: 
--- !u!1 &615124827
GameObject:
  m_ObjectHideFlags: 0
  m_CorrespondingSourceObject: {fileID: 0}
  m_PrefabInstance: {fileID: 0}
  m_PrefabAsset: {fileID: 0}
  serializedVersion: 6
  m_Component:
  - component: {fileID: 615124830}
  - component: {fileID: 615124829}
  - component: {fileID: 615124828}
  m_Layer: 0
  m_Name: EventSystem
  m_TagString: Untagged
  m_Icon: {fileID: 0}
  m_NavMeshLayer: 0
  m_StaticEditorFlags: 0
  m_IsActive: 1
--- !u!114 &615124828
MonoBehaviour:
  m_ObjectHideFlags: 0
  m_CorrespondingSourceObject: {fileID: 0}
  m_PrefabInstance: {fileID: 0}
  m_PrefabAsset: {fileID: 0}
  m_GameObject: {fileID: 615124827}
  m_Enabled: 1
  m_EditorHideFlags: 0
  m_Script: {fileID: 11500000, guid: 4f231c4fb786f3946a6b90b886c48677, type: 3}
  m_Name: 
  m_EditorClassIdentifier: 
  m_HorizontalAxis: Horizontal
  m_VerticalAxis: Vertical
  m_SubmitButton: Submit
  m_CancelButton: Cancel
  m_InputActionsPerSecond: 10
  m_RepeatDelay: 0.5
  m_ForceModuleActive: 0
--- !u!114 &615124829
MonoBehaviour:
  m_ObjectHideFlags: 0
  m_CorrespondingSourceObject: {fileID: 0}
  m_PrefabInstance: {fileID: 0}
  m_PrefabAsset: {fileID: 0}
  m_GameObject: {fileID: 615124827}
  m_Enabled: 1
  m_EditorHideFlags: 0
  m_Script: {fileID: 11500000, guid: 76c392e42b5098c458856cdf6ecaaaa1, type: 3}
  m_Name: 
  m_EditorClassIdentifier: 
  m_FirstSelected: {fileID: 0}
  m_sendNavigationEvents: 1
  m_DragThreshold: 10
--- !u!4 &615124830
Transform:
  m_ObjectHideFlags: 0
  m_CorrespondingSourceObject: {fileID: 0}
  m_PrefabInstance: {fileID: 0}
  m_PrefabAsset: {fileID: 0}
  m_GameObject: {fileID: 615124827}
  m_LocalRotation: {x: 0, y: 0, z: 0, w: 1}
  m_LocalPosition: {x: 0, y: 0, z: 0}
  m_LocalScale: {x: 1, y: 1, z: 1}
  m_Children: []
  m_Father: {fileID: 0}
  m_RootOrder: 9
  m_LocalEulerAnglesHint: {x: 0, y: 0, z: 0}
--- !u!1 &622849565
GameObject:
  m_ObjectHideFlags: 0
  m_CorrespondingSourceObject: {fileID: 0}
  m_PrefabInstance: {fileID: 0}
  m_PrefabAsset: {fileID: 0}
  serializedVersion: 6
  m_Component:
  - component: {fileID: 622849566}
  - component: {fileID: 622849569}
  - component: {fileID: 622849568}
  - component: {fileID: 622849567}
  m_Layer: 0
  m_Name: Sphere
  m_TagString: Untagged
  m_Icon: {fileID: 0}
  m_NavMeshLayer: 0
  m_StaticEditorFlags: 0
  m_IsActive: 1
--- !u!4 &622849566
Transform:
  m_ObjectHideFlags: 0
  m_CorrespondingSourceObject: {fileID: 0}
  m_PrefabInstance: {fileID: 0}
  m_PrefabAsset: {fileID: 0}
  m_GameObject: {fileID: 622849565}
  m_LocalRotation: {x: 0, y: 0, z: 0, w: 1}
  m_LocalPosition: {x: 0, y: 0, z: 0}
  m_LocalScale: {x: 0.25, y: 0.25, z: 0.25}
  m_Children: []
  m_Father: {fileID: 1190911462}
  m_RootOrder: 0
  m_LocalEulerAnglesHint: {x: 0, y: 0, z: 0}
--- !u!135 &622849567
SphereCollider:
  m_ObjectHideFlags: 0
  m_CorrespondingSourceObject: {fileID: 0}
  m_PrefabInstance: {fileID: 0}
  m_PrefabAsset: {fileID: 0}
  m_GameObject: {fileID: 622849565}
  m_Material: {fileID: 0}
  m_IsTrigger: 0
  m_Enabled: 1
  serializedVersion: 2
  m_Radius: 0.5
  m_Center: {x: 0, y: 0, z: 0}
--- !u!23 &622849568
MeshRenderer:
  m_ObjectHideFlags: 0
  m_CorrespondingSourceObject: {fileID: 0}
  m_PrefabInstance: {fileID: 0}
  m_PrefabAsset: {fileID: 0}
  m_GameObject: {fileID: 622849565}
  m_Enabled: 1
  m_CastShadows: 1
  m_ReceiveShadows: 1
  m_DynamicOccludee: 1
  m_MotionVectors: 1
  m_LightProbeUsage: 1
  m_ReflectionProbeUsage: 1
  m_RayTracingMode: 2
  m_RenderingLayerMask: 1
  m_RendererPriority: 0
  m_Materials:
  - {fileID: 10303, guid: 0000000000000000f000000000000000, type: 0}
  m_StaticBatchInfo:
    firstSubMesh: 0
    subMeshCount: 0
  m_StaticBatchRoot: {fileID: 0}
  m_ProbeAnchor: {fileID: 0}
  m_LightProbeVolumeOverride: {fileID: 0}
  m_ScaleInLightmap: 1
  m_ReceiveGI: 1
  m_PreserveUVs: 0
  m_IgnoreNormalsForChartDetection: 0
  m_ImportantGI: 0
  m_StitchLightmapSeams: 1
  m_SelectedEditorRenderState: 3
  m_MinimumChartSize: 4
  m_AutoUVMaxDistance: 0.5
  m_AutoUVMaxAngle: 89
  m_LightmapParameters: {fileID: 0}
  m_SortingLayerID: 0
  m_SortingLayer: 0
  m_SortingOrder: 0
--- !u!33 &622849569
MeshFilter:
  m_ObjectHideFlags: 0
  m_CorrespondingSourceObject: {fileID: 0}
  m_PrefabInstance: {fileID: 0}
  m_PrefabAsset: {fileID: 0}
  m_GameObject: {fileID: 622849565}
  m_Mesh: {fileID: 10207, guid: 0000000000000000e000000000000000, type: 0}
--- !u!1 &635961031
GameObject:
  m_ObjectHideFlags: 0
  m_CorrespondingSourceObject: {fileID: 0}
  m_PrefabInstance: {fileID: 0}
  m_PrefabAsset: {fileID: 0}
  serializedVersion: 6
  m_Component:
  - component: {fileID: 635961034}
  - component: {fileID: 635961033}
  - component: {fileID: 635961032}
  - component: {fileID: 635961036}
  - component: {fileID: 635961035}
  m_Layer: 0
  m_Name: Main Camera
  m_TagString: MainCamera
  m_Icon: {fileID: 0}
  m_NavMeshLayer: 0
  m_StaticEditorFlags: 0
  m_IsActive: 1
--- !u!81 &635961032
AudioListener:
  m_ObjectHideFlags: 0
  m_CorrespondingSourceObject: {fileID: 0}
  m_PrefabInstance: {fileID: 0}
  m_PrefabAsset: {fileID: 0}
  m_GameObject: {fileID: 635961031}
  m_Enabled: 1
--- !u!20 &635961033
Camera:
  m_ObjectHideFlags: 0
  m_CorrespondingSourceObject: {fileID: 0}
  m_PrefabInstance: {fileID: 0}
  m_PrefabAsset: {fileID: 0}
  m_GameObject: {fileID: 635961031}
  m_Enabled: 1
  serializedVersion: 2
  m_ClearFlags: 1
  m_BackGroundColor: {r: 0, g: 0, b: 0, a: 0}
  m_projectionMatrixMode: 1
  m_GateFitMode: 2
  m_FOVAxisMode: 0
  m_SensorSize: {x: 36, y: 24}
  m_LensShift: {x: 0, y: 0}
  m_FocalLength: 50
  m_NormalizedViewPortRect:
    serializedVersion: 2
    x: 0
    y: 0
    width: 1
    height: 1
  near clip plane: 0.001
  far clip plane: 1000
  field of view: 60
  orthographic: 1
  orthographic size: 0.15
  m_Depth: -1
  m_CullingMask:
    serializedVersion: 2
    m_Bits: 4294967295
  m_RenderingPath: -1
  m_TargetTexture: {fileID: 0}
  m_TargetDisplay: 0
  m_TargetEye: 3
  m_HDR: 1
  m_AllowMSAA: 1
  m_AllowDynamicResolution: 0
  m_ForceIntoRT: 0
  m_OcclusionCulling: 1
  m_StereoConvergence: 10
  m_StereoSeparation: 0.022
--- !u!4 &635961034
Transform:
  m_ObjectHideFlags: 0
  m_CorrespondingSourceObject: {fileID: 0}
  m_PrefabInstance: {fileID: 0}
  m_PrefabAsset: {fileID: 0}
  m_GameObject: {fileID: 635961031}
  m_LocalRotation: {x: 0, y: 0, z: 0, w: 1}
  m_LocalPosition: {x: 0, y: 0, z: -5}
  m_LocalScale: {x: 1, y: 1, z: 1}
  m_Children: []
  m_Father: {fileID: 0}
  m_RootOrder: 0
  m_LocalEulerAnglesHint: {x: 0, y: 0, z: 0}
--- !u!114 &635961035
MonoBehaviour:
  m_ObjectHideFlags: 0
  m_CorrespondingSourceObject: {fileID: 0}
  m_PrefabInstance: {fileID: 0}
  m_PrefabAsset: {fileID: 0}
  m_GameObject: {fileID: 635961031}
  m_Enabled: 1
  m_EditorHideFlags: 0
  m_Script: {fileID: 11500000, guid: 17d58b9e2bc4f95a34fd558e4cfe0063, type: 3}
  m_Name: 
  m_EditorClassIdentifier: 
--- !u!114 &635961036
MonoBehaviour:
  m_ObjectHideFlags: 0
  m_CorrespondingSourceObject: {fileID: 0}
  m_PrefabInstance: {fileID: 0}
  m_PrefabAsset: {fileID: 0}
  m_GameObject: {fileID: 635961031}
  m_Enabled: 1
  m_EditorHideFlags: 0
  m_Script: {fileID: 11500000, guid: 16b1ff7b5304b86ea26d81c8886cc79c, type: 3}
  m_Name: 
  m_EditorClassIdentifier: 
  scale: 1
--- !u!114 &660485918 stripped
MonoBehaviour:
  m_CorrespondingSourceObject: {fileID: 8116158018999018924, guid: cfb96eda5e4c4174691b41194c5d3994,
    type: 3}
  m_PrefabInstance: {fileID: 8116158019412284082}
  m_PrefabAsset: {fileID: 0}
  m_GameObject: {fileID: 0}
  m_Enabled: 1
  m_EditorHideFlags: 0
  m_Script: {fileID: 11500000, guid: f4688fdb7df04437aeb418b961361dc5, type: 3}
  m_Name: 
  m_EditorClassIdentifier: 
--- !u!4 &660706122 stripped
Transform:
  m_CorrespondingSourceObject: {fileID: 7178750293542590018, guid: 2e9a45c2830c74ac183f2cc939250ce2,
    type: 3}
  m_PrefabInstance: {fileID: 7178750293087601928}
  m_PrefabAsset: {fileID: 0}
--- !u!4 &727662649 stripped
Transform:
  m_CorrespondingSourceObject: {fileID: 4760721392963118972, guid: fca003cc85b67456d9058c2f8a4f2808,
    type: 3}
  m_PrefabInstance: {fileID: 4760721392280020805}
  m_PrefabAsset: {fileID: 0}
--- !u!1 &758753145
GameObject:
  m_ObjectHideFlags: 0
  m_CorrespondingSourceObject: {fileID: 0}
  m_PrefabInstance: {fileID: 0}
  m_PrefabAsset: {fileID: 0}
  serializedVersion: 6
  m_Component:
  - component: {fileID: 758753147}
  - component: {fileID: 758753146}
  m_Layer: 0
  m_Name: XRImageDetectionController
  m_TagString: Untagged
  m_Icon: {fileID: 0}
  m_NavMeshLayer: 0
  m_StaticEditorFlags: 0
  m_IsActive: 1
--- !u!114 &758753146
MonoBehaviour:
  m_ObjectHideFlags: 0
  m_CorrespondingSourceObject: {fileID: 0}
  m_PrefabInstance: {fileID: 0}
  m_PrefabAsset: {fileID: 0}
  m_GameObject: {fileID: 758753145}
  m_Enabled: 1
  m_EditorHideFlags: 0
  m_Script: {fileID: 11500000, guid: d56850d9c04e0c045a58ba60baf198d1, type: 3}
  m_Name: 
  m_EditorClassIdentifier: 
  statusText: {fileID: 0}
  detectionTextures:
  - tex: {fileID: 2800000, guid: 0c2bfc07fb4194b49918ce2661412845, type: 3}
    widthInMeters: 0.3
--- !u!4 &758753147
Transform:
  m_ObjectHideFlags: 0
  m_CorrespondingSourceObject: {fileID: 0}
  m_PrefabInstance: {fileID: 0}
  m_PrefabAsset: {fileID: 0}
  m_GameObject: {fileID: 758753145}
  m_LocalRotation: {x: 0, y: 0, z: 0, w: 1}
  m_LocalPosition: {x: 0.42157495, y: 0.43513012, z: 0.24201348}
  m_LocalScale: {x: 1, y: 1, z: 1}
  m_Children: []
  m_Father: {fileID: 0}
  m_RootOrder: 4
  m_LocalEulerAnglesHint: {x: 0, y: 0, z: 0}
--- !u!1 &893530050
GameObject:
  m_ObjectHideFlags: 0
  m_CorrespondingSourceObject: {fileID: 0}
  m_PrefabInstance: {fileID: 0}
  m_PrefabAsset: {fileID: 0}
  serializedVersion: 6
  m_Component:
  - component: {fileID: 893530051}
  m_Layer: 0
  m_Name: Group
  m_TagString: Untagged
  m_Icon: {fileID: 0}
  m_NavMeshLayer: 0
  m_StaticEditorFlags: 0
  m_IsActive: 1
--- !u!4 &893530051
Transform:
  m_ObjectHideFlags: 0
  m_CorrespondingSourceObject: {fileID: 0}
  m_PrefabInstance: {fileID: 0}
  m_PrefabAsset: {fileID: 0}
  m_GameObject: {fileID: 893530050}
  m_LocalRotation: {x: -0, y: -0, z: -0, w: 1}
  m_LocalPosition: {x: 0, y: 0, z: 0}
  m_LocalScale: {x: 1, y: 1, z: 1}
  m_Children:
  - {fileID: 1032196774}
  - {fileID: 352631003}
  - {fileID: 1695231616}
  m_Father: {fileID: 422886540}
  m_RootOrder: 1
  m_LocalEulerAnglesHint: {x: 0, y: 0, z: 0}
--- !u!1001 &905364761
PrefabInstance:
  m_ObjectHideFlags: 0
  serializedVersion: 2
  m_Modification:
    m_TransformParent: {fileID: 1297332211}
    m_Modifications:
    - target: {fileID: 843429194419359778, guid: 96f621922dc7b4c23ac0faa12da16ef5,
        type: 3}
      propertyPath: m_Name
      value: Slide_Credits
      objectReference: {fileID: 0}
    - target: {fileID: 843429194419359779, guid: 96f621922dc7b4c23ac0faa12da16ef5,
        type: 3}
      propertyPath: m_LocalPosition.x
      value: 14
      objectReference: {fileID: 0}
    - target: {fileID: 843429194419359779, guid: 96f621922dc7b4c23ac0faa12da16ef5,
        type: 3}
      propertyPath: m_LocalPosition.y
      value: 0
      objectReference: {fileID: 0}
    - target: {fileID: 843429194419359779, guid: 96f621922dc7b4c23ac0faa12da16ef5,
        type: 3}
      propertyPath: m_LocalPosition.z
      value: 0
      objectReference: {fileID: 0}
    - target: {fileID: 843429194419359779, guid: 96f621922dc7b4c23ac0faa12da16ef5,
        type: 3}
      propertyPath: m_LocalRotation.x
      value: -0
      objectReference: {fileID: 0}
    - target: {fileID: 843429194419359779, guid: 96f621922dc7b4c23ac0faa12da16ef5,
        type: 3}
      propertyPath: m_LocalRotation.y
      value: -0
      objectReference: {fileID: 0}
    - target: {fileID: 843429194419359779, guid: 96f621922dc7b4c23ac0faa12da16ef5,
        type: 3}
      propertyPath: m_LocalRotation.z
      value: -0
      objectReference: {fileID: 0}
    - target: {fileID: 843429194419359779, guid: 96f621922dc7b4c23ac0faa12da16ef5,
        type: 3}
      propertyPath: m_LocalRotation.w
      value: 1
      objectReference: {fileID: 0}
    - target: {fileID: 843429194419359779, guid: 96f621922dc7b4c23ac0faa12da16ef5,
        type: 3}
      propertyPath: m_RootOrder
      value: 8
      objectReference: {fileID: 0}
    - target: {fileID: 843429194419359779, guid: 96f621922dc7b4c23ac0faa12da16ef5,
        type: 3}
      propertyPath: m_LocalEulerAnglesHint.x
      value: 0
      objectReference: {fileID: 0}
    - target: {fileID: 843429194419359779, guid: 96f621922dc7b4c23ac0faa12da16ef5,
        type: 3}
      propertyPath: m_LocalEulerAnglesHint.y
      value: 0
      objectReference: {fileID: 0}
    - target: {fileID: 843429194419359779, guid: 96f621922dc7b4c23ac0faa12da16ef5,
        type: 3}
      propertyPath: m_LocalEulerAnglesHint.z
      value: 0
      objectReference: {fileID: 0}
    - target: {fileID: 843429195060074224, guid: 96f621922dc7b4c23ac0faa12da16ef5,
        type: 3}
      propertyPath: m_Material
      value: 
      objectReference: {fileID: 0}
    - target: {fileID: 843429195060074224, guid: 96f621922dc7b4c23ac0faa12da16ef5,
        type: 3}
      propertyPath: m_sharedMaterial
      value: 
      objectReference: {fileID: 0}
    m_RemovedComponents: []
  m_SourcePrefab: {fileID: 100100000, guid: 96f621922dc7b4c23ac0faa12da16ef5, type: 3}
--- !u!4 &905364762 stripped
Transform:
  m_CorrespondingSourceObject: {fileID: 843429194419359779, guid: 96f621922dc7b4c23ac0faa12da16ef5,
    type: 3}
  m_PrefabInstance: {fileID: 905364761}
  m_PrefabAsset: {fileID: 0}
--- !u!114 &905364763 stripped
MonoBehaviour:
  m_CorrespondingSourceObject: {fileID: 843429194419359776, guid: 96f621922dc7b4c23ac0faa12da16ef5,
    type: 3}
  m_PrefabInstance: {fileID: 905364761}
  m_PrefabAsset: {fileID: 0}
  m_GameObject: {fileID: 0}
  m_Enabled: 1
  m_EditorHideFlags: 0
  m_Script: {fileID: 11500000, guid: 1e23079122a6a824ebc68cc1513cf3f8, type: 3}
  m_Name: 
  m_EditorClassIdentifier: 
--- !u!4 &959165179 stripped
Transform:
  m_CorrespondingSourceObject: {fileID: 8906228820939606644, guid: 2419aefdafb994b9eb07290c8a4918a2,
    type: 3}
  m_PrefabInstance: {fileID: 8906228820551940239}
  m_PrefabAsset: {fileID: 0}
--- !u!114 &959165180 stripped
MonoBehaviour:
  m_CorrespondingSourceObject: {fileID: 8906228820939606643, guid: 2419aefdafb994b9eb07290c8a4918a2,
    type: 3}
  m_PrefabInstance: {fileID: 8906228820551940239}
  m_PrefabAsset: {fileID: 0}
  m_GameObject: {fileID: 0}
  m_Enabled: 1
  m_EditorHideFlags: 0
  m_Script: {fileID: 11500000, guid: 1e23079122a6a824ebc68cc1513cf3f8, type: 3}
  m_Name: 
  m_EditorClassIdentifier: 
--- !u!1 &992777080
GameObject:
  m_ObjectHideFlags: 0
  m_CorrespondingSourceObject: {fileID: 0}
  m_PrefabInstance: {fileID: 0}
  m_PrefabAsset: {fileID: 0}
  serializedVersion: 6
  m_Component:
  - component: {fileID: 992777084}
  - component: {fileID: 992777083}
  - component: {fileID: 992777082}
  - component: {fileID: 992777081}
  m_Layer: 0
  m_Name: ShadowPlane
  m_TagString: Untagged
  m_Icon: {fileID: 0}
  m_NavMeshLayer: 0
  m_StaticEditorFlags: 0
  m_IsActive: 0
--- !u!64 &992777081
MeshCollider:
  m_ObjectHideFlags: 0
  m_CorrespondingSourceObject: {fileID: 0}
  m_PrefabInstance: {fileID: 0}
  m_PrefabAsset: {fileID: 0}
  m_GameObject: {fileID: 992777080}
  m_Material: {fileID: 0}
  m_IsTrigger: 0
  m_Enabled: 1
  serializedVersion: 4
  m_Convex: 0
  m_CookingOptions: 30
  m_Mesh: {fileID: 10209, guid: 0000000000000000e000000000000000, type: 0}
--- !u!23 &992777082
MeshRenderer:
  m_ObjectHideFlags: 0
  m_CorrespondingSourceObject: {fileID: 0}
  m_PrefabInstance: {fileID: 0}
  m_PrefabAsset: {fileID: 0}
  m_GameObject: {fileID: 992777080}
  m_Enabled: 1
  m_CastShadows: 1
  m_ReceiveShadows: 1
  m_DynamicOccludee: 1
  m_MotionVectors: 1
  m_LightProbeUsage: 1
  m_ReflectionProbeUsage: 1
  m_RayTracingMode: 2
  m_RenderingLayerMask: 1
  m_RendererPriority: 0
  m_Materials:
  - {fileID: 2100000, guid: 9c183fa808b9e47da83e0c51c9019772, type: 2}
  m_StaticBatchInfo:
    firstSubMesh: 0
    subMeshCount: 0
  m_StaticBatchRoot: {fileID: 0}
  m_ProbeAnchor: {fileID: 0}
  m_LightProbeVolumeOverride: {fileID: 0}
  m_ScaleInLightmap: 1
  m_ReceiveGI: 1
  m_PreserveUVs: 0
  m_IgnoreNormalsForChartDetection: 0
  m_ImportantGI: 0
  m_StitchLightmapSeams: 1
  m_SelectedEditorRenderState: 3
  m_MinimumChartSize: 4
  m_AutoUVMaxDistance: 0.5
  m_AutoUVMaxAngle: 89
  m_LightmapParameters: {fileID: 0}
  m_SortingLayerID: 0
  m_SortingLayer: 0
  m_SortingOrder: 0
--- !u!33 &992777083
MeshFilter:
  m_ObjectHideFlags: 0
  m_CorrespondingSourceObject: {fileID: 0}
  m_PrefabInstance: {fileID: 0}
  m_PrefabAsset: {fileID: 0}
  m_GameObject: {fileID: 992777080}
  m_Mesh: {fileID: 10209, guid: 0000000000000000e000000000000000, type: 0}
--- !u!4 &992777084
Transform:
  m_ObjectHideFlags: 0
  m_CorrespondingSourceObject: {fileID: 0}
  m_PrefabInstance: {fileID: 0}
  m_PrefabAsset: {fileID: 0}
  m_GameObject: {fileID: 992777080}
  m_LocalRotation: {x: 0, y: 0, z: 0, w: 1}
  m_LocalPosition: {x: 0, y: -0.407, z: 0}
  m_LocalScale: {x: 0.5, y: 0.5, z: 0.5}
  m_Children: []
  m_Father: {fileID: 0}
  m_RootOrder: 10
  m_LocalEulerAnglesHint: {x: 0, y: 0, z: 0}
--- !u!1 &1032196771
GameObject:
  m_ObjectHideFlags: 0
  m_CorrespondingSourceObject: {fileID: 0}
  m_PrefabInstance: {fileID: 0}
  m_PrefabAsset: {fileID: 0}
  serializedVersion: 6
  m_Component:
  - component: {fileID: 1032196774}
  - component: {fileID: 1032196773}
  - component: {fileID: 1032196772}
  m_Layer: 0
  m_Name: Point Light (2)
  m_TagString: Untagged
  m_Icon: {fileID: 0}
  m_NavMeshLayer: 0
  m_StaticEditorFlags: 0
  m_IsActive: 1
--- !u!114 &1032196772
MonoBehaviour:
  m_ObjectHideFlags: 0
  m_CorrespondingSourceObject: {fileID: 0}
  m_PrefabInstance: {fileID: 0}
  m_PrefabAsset: {fileID: 0}
  m_GameObject: {fileID: 1032196771}
  m_Enabled: 0
  m_EditorHideFlags: 0
  m_Script: {fileID: 11500000, guid: 927ac99b13f73584afd0d26871bfea88, type: 3}
  m_Name: 
  m_EditorClassIdentifier: 
--- !u!108 &1032196773
Light:
  m_ObjectHideFlags: 0
  m_CorrespondingSourceObject: {fileID: 0}
  m_PrefabInstance: {fileID: 0}
  m_PrefabAsset: {fileID: 0}
  m_GameObject: {fileID: 1032196771}
  m_Enabled: 1
  serializedVersion: 10
  m_Type: 2
  m_Shape: 0
  m_Color: {r: 0.29411766, g: 0.29411766, b: 0.29411766, a: 1}
  m_Intensity: 0.8
  m_Range: 3.67
  m_SpotAngle: 30
  m_InnerSpotAngle: 21.80208
  m_CookieSize: 10
  m_Shadows:
    m_Type: 2
    m_Resolution: -1
    m_CustomResolution: -1
    m_Strength: 1
    m_Bias: 0.05
    m_NormalBias: 0.4
    m_NearPlane: 0.2
    m_CullingMatrixOverride:
      e00: 1
      e01: 0
      e02: 0
      e03: 0
      e10: 0
      e11: 1
      e12: 0
      e13: 0
      e20: 0
      e21: 0
      e22: 1
      e23: 0
      e30: 0
      e31: 0
      e32: 0
      e33: 1
    m_UseCullingMatrixOverride: 0
  m_Cookie: {fileID: 0}
  m_DrawHalo: 0
  m_Flare: {fileID: 0}
  m_RenderMode: 0
  m_CullingMask:
    serializedVersion: 2
    m_Bits: 4294967295
  m_RenderingLayerMask: 1
  m_Lightmapping: 4
  m_LightShadowCasterMode: 0
  m_AreaSize: {x: 1, y: 1}
  m_BounceIntensity: 0
  m_ColorTemperature: 6570
  m_UseColorTemperature: 0
  m_BoundingSphereOverride: {x: 0, y: 0, z: 0, w: 0}
  m_UseBoundingSphereOverride: 0
  m_ShadowRadius: 0
  m_ShadowAngle: 0
--- !u!4 &1032196774
Transform:
  m_ObjectHideFlags: 0
  m_CorrespondingSourceObject: {fileID: 0}
  m_PrefabInstance: {fileID: 0}
  m_PrefabAsset: {fileID: 0}
  m_GameObject: {fileID: 1032196771}
  m_LocalRotation: {x: -0, y: -0, z: -0, w: 1}
  m_LocalPosition: {x: 0.5497999, y: 0.0291, z: 0.0107}
  m_LocalScale: {x: 1, y: 1, z: 1}
  m_Children: []
  m_Father: {fileID: 893530051}
  m_RootOrder: 0
  m_LocalEulerAnglesHint: {x: 0, y: 0, z: 0}
--- !u!1 &1093639596
GameObject:
  m_ObjectHideFlags: 0
  m_CorrespondingSourceObject: {fileID: 0}
  m_PrefabInstance: {fileID: 0}
  m_PrefabAsset: {fileID: 0}
  serializedVersion: 6
  m_Component:
  - component: {fileID: 1093639597}
  - component: {fileID: 1093639598}
  - component: {fileID: 1093639599}
  - component: {fileID: 1093639600}
  m_Layer: 0
  m_Name: SlideManager
  m_TagString: Untagged
  m_Icon: {fileID: 0}
  m_NavMeshLayer: 0
  m_StaticEditorFlags: 0
  m_IsActive: 1
--- !u!4 &1093639597
Transform:
  m_ObjectHideFlags: 0
  m_CorrespondingSourceObject: {fileID: 0}
  m_PrefabInstance: {fileID: 0}
  m_PrefabAsset: {fileID: 0}
  m_GameObject: {fileID: 1093639596}
  m_LocalRotation: {x: 0, y: 0, z: 0, w: 1}
  m_LocalPosition: {x: 0.42157495, y: 0.43513012, z: 0.24201348}
  m_LocalScale: {x: 1, y: 1, z: 1}
  m_Children: []
  m_Father: {fileID: 0}
  m_RootOrder: 6
  m_LocalEulerAnglesHint: {x: 0, y: 0, z: 0}
--- !u!114 &1093639598
MonoBehaviour:
  m_ObjectHideFlags: 0
  m_CorrespondingSourceObject: {fileID: 0}
  m_PrefabInstance: {fileID: 0}
  m_PrefabAsset: {fileID: 0}
  m_GameObject: {fileID: 1093639596}
  m_Enabled: 1
  m_EditorHideFlags: 0
  m_Script: {fileID: 11500000, guid: 93df38083e94d0d468fd266d562d4e0f, type: 3}
  m_Name: 
  m_EditorClassIdentifier: 
  branches:
  - identifier: device
    slides:
    - {fileID: 1445860550}
    - {fileID: 281292206}
    - {fileID: 82942596}
    - {fileID: 1243213918}
    - {fileID: 959165180}
    - {fileID: 1249901658}
    - {fileID: 57444771}
    - {fileID: 905364763}
  defaultBranch: device
  conferenceModeIsFixed: 1
  camera: {fileID: 635961033}
  slideContainer: {fileID: 422886539}
  xrController: {fileID: 181501036}
  shadowPlane: {fileID: 992777084}
  btnHome: {fileID: 0}
  btnReset: {fileID: 72544036}
  arToggle: {fileID: 1288813731}
  btnLabels: {fileID: 2066509893}
  arrowLeft: {fileID: 1664325517}
  arrowRight: {fileID: 1994067959}
  topRightIcons:
  - {fileID: 2606828}
  - {fileID: 1531595691}
  headerText: {fileID: 605954181}
  headerSubText: {fileID: 660485918}
  headerBg: {fileID: 0}
  lightingGroup: {fileID: 0}
  imgLabel: {fileID: 8116158019412284084}
  imgAr: {fileID: 8116158019412284083}
  arActive: {fileID: 21300000, guid: ff4380d024c9f0b49abcf22dfacc038b, type: 3}
  arInactive: {fileID: 21300000, guid: 7f8ca4cedd42f44459f63a71a07d21f3, type: 3}
  lblActive: {fileID: 21300000, guid: 1941e5181ffa507458751d8c867a3060, type: 3}
  lblInactive: {fileID: 21300000, guid: ec780b9125f87c34f84d1f71cf80a044, type: 3}
  staticCameraPosition: {x: 0, y: 0, z: 0}
  staticCameraRotation: {x: 0, y: 0, z: 0}
  arOffset: {x: 0, y: 0, z: 0.5}
  doDeviceScaling: 1
  arStartScale: {x: 1.4, y: 1.4, z: 1.4}
  resetPositionSpeed: 1
  resetPositionCurve:
    serializedVersion: 2
    m_Curve:
    - serializedVersion: 3
      time: 0
      value: 0
      inSlope: 2
      outSlope: 2
      tangentMode: 0
      weightedMode: 0
      inWeight: 0
      outWeight: 0
    - serializedVersion: 3
      time: 1
      value: 1
      inSlope: 0
      outSlope: 0
      tangentMode: 0
      weightedMode: 0
      inWeight: 0
      outWeight: 0
    m_PreInfinity: 2
    m_PostInfinity: 2
    m_RotationOrder: 4
  rotationDeadzone: 20
  rotationMultiplier: {x: -0.3, y: 0.3, z: 0.6}
  pinchMultiplier: 0.0025
  rotationResetSpeed: 1
  lerpCurve:
    serializedVersion: 2
    m_Curve:
    - serializedVersion: 3
      time: 0
      value: 0
      inSlope: 2.8552608
      outSlope: 2.8552608
      tangentMode: 0
      weightedMode: 0
      inWeight: 0
      outWeight: 0.016119404
    - serializedVersion: 3
      time: 1
      value: 1
      inSlope: 0
      outSlope: 0
      tangentMode: 0
      weightedMode: 0
      inWeight: 0
      outWeight: 0
    m_PreInfinity: 2
    m_PostInfinity: 2
    m_RotationOrder: 4
  xrVideoController: {fileID: 635961035}
  xrCameraController: {fileID: 635961036}
  currentSlide: 0
  currentBranch: device
  arTrackingState: 3
--- !u!114 &1093639599
MonoBehaviour:
  m_ObjectHideFlags: 0
  m_CorrespondingSourceObject: {fileID: 0}
  m_PrefabInstance: {fileID: 0}
  m_PrefabAsset: {fileID: 0}
  m_GameObject: {fileID: 1093639596}
  m_Enabled: 1
  m_EditorHideFlags: 0
  m_Script: {fileID: 11500000, guid: 60e2904660767244b9d1f33e1c6c16b6, type: 3}
  m_Name: 
  m_EditorClassIdentifier: 
  controller: {fileID: 758753146}
  targetTexture: {fileID: 2800000, guid: 0c2bfc07fb4194b49918ce2661412845, type: 3}
  onImageTargetDetected:
    m_PersistentCalls:
      m_Calls:
      - m_Target: {fileID: 1093639598}
        m_MethodName: ImageTargetSpotted
        m_Mode: 0
        m_Arguments:
          m_ObjectArgument: {fileID: 0}
          m_ObjectArgumentAssemblyTypeName: UnityEngine.Object, UnityEngine
          m_IntArgument: 0
          m_FloatArgument: 0
          m_StringArgument: 
          m_BoolArgument: 0
        m_CallState: 2
--- !u!114 &1093639600
MonoBehaviour:
  m_ObjectHideFlags: 0
  m_CorrespondingSourceObject: {fileID: 0}
  m_PrefabInstance: {fileID: 0}
  m_PrefabAsset: {fileID: 0}
  m_GameObject: {fileID: 1093639596}
  m_Enabled: 1
  m_EditorHideFlags: 0
  m_Script: {fileID: 11500000, guid: 9ad3d00a042e9490eb40eedbc323f859, type: 3}
  m_Name: 
  m_EditorClassIdentifier: 
  languageSelected: 0
--- !u!1 &1190911460
GameObject:
  m_ObjectHideFlags: 0
  m_CorrespondingSourceObject: {fileID: 0}
  m_PrefabInstance: {fileID: 0}
  m_PrefabAsset: {fileID: 0}
  serializedVersion: 6
  m_Component:
  - component: {fileID: 1190911462}
  - component: {fileID: 1190911461}
  m_Layer: 0
  m_Name: Target
  m_TagString: Untagged
  m_Icon: {fileID: 0}
  m_NavMeshLayer: 0
  m_StaticEditorFlags: 0
  m_IsActive: 0
--- !u!114 &1190911461
MonoBehaviour:
  m_ObjectHideFlags: 0
  m_CorrespondingSourceObject: {fileID: 0}
  m_PrefabInstance: {fileID: 0}
  m_PrefabAsset: {fileID: 0}
  m_GameObject: {fileID: 1190911460}
  m_Enabled: 1
  m_EditorHideFlags: 0
  m_Script: {fileID: 11500000, guid: 60e2904660767244b9d1f33e1c6c16b6, type: 3}
  m_Name: 
  m_EditorClassIdentifier: 
  controller: {fileID: 758753146}
  targetTexture: {fileID: 2800000, guid: 65e8e7b0fc3b34c4497476c72e279eb0, type: 3}
  onImageTargetDetected:
    m_PersistentCalls:
      m_Calls:
      - m_Target: {fileID: 1190911461}
        m_MethodName: MoveToTarget
        m_Mode: 0
        m_Arguments:
          m_ObjectArgument: {fileID: 0}
          m_ObjectArgumentAssemblyTypeName: UnityEngine.Object, UnityEngine
          m_IntArgument: 0
          m_FloatArgument: 0
          m_StringArgument: 
          m_BoolArgument: 0
        m_CallState: 2
--- !u!4 &1190911462
Transform:
  m_ObjectHideFlags: 0
  m_CorrespondingSourceObject: {fileID: 0}
  m_PrefabInstance: {fileID: 0}
  m_PrefabAsset: {fileID: 0}
  m_GameObject: {fileID: 1190911460}
  m_LocalRotation: {x: 0, y: 0, z: 0, w: 1}
  m_LocalPosition: {x: 0.42157495, y: 0.43513012, z: 0.24201348}
  m_LocalScale: {x: 1, y: 1, z: 1}
  m_Children:
  - {fileID: 622849566}
  m_Father: {fileID: 0}
  m_RootOrder: 5
  m_LocalEulerAnglesHint: {x: 0, y: 0, z: 0}
--- !u!1 &1224499438
GameObject:
  m_ObjectHideFlags: 0
  m_CorrespondingSourceObject: {fileID: 0}
  m_PrefabInstance: {fileID: 0}
  m_PrefabAsset: {fileID: 0}
  serializedVersion: 6
  m_Component:
  - component: {fileID: 1224499440}
  - component: {fileID: 1224499439}
  m_Layer: 0
  m_Name: Directional Light (2)
  m_TagString: Untagged
  m_Icon: {fileID: 0}
  m_NavMeshLayer: 0
  m_StaticEditorFlags: 0
  m_IsActive: 0
--- !u!108 &1224499439
Light:
  m_ObjectHideFlags: 0
  m_CorrespondingSourceObject: {fileID: 0}
  m_PrefabInstance: {fileID: 0}
  m_PrefabAsset: {fileID: 0}
  m_GameObject: {fileID: 1224499438}
  m_Enabled: 1
  serializedVersion: 10
  m_Type: 1
  m_Shape: 0
  m_Color: {r: 0.9009434, g: 0.9912931, b: 1, a: 1}
  m_Intensity: 0.8
  m_Range: 10
  m_SpotAngle: 30
  m_InnerSpotAngle: 21.80208
  m_CookieSize: 10
  m_Shadows:
    m_Type: 2
    m_Resolution: 3
    m_CustomResolution: -1
    m_Strength: 1
    m_Bias: 0.05
    m_NormalBias: 0.4
    m_NearPlane: 0.2
    m_CullingMatrixOverride:
      e00: 1
      e01: 0
      e02: 0
      e03: 0
      e10: 0
      e11: 1
      e12: 0
      e13: 0
      e20: 0
      e21: 0
      e22: 1
      e23: 0
      e30: 0
      e31: 0
      e32: 0
      e33: 1
    m_UseCullingMatrixOverride: 0
  m_Cookie: {fileID: 0}
  m_DrawHalo: 0
  m_Flare: {fileID: 0}
  m_RenderMode: 0
  m_CullingMask:
    serializedVersion: 2
    m_Bits: 4294967295
  m_RenderingLayerMask: 1
  m_Lightmapping: 4
  m_LightShadowCasterMode: 0
  m_AreaSize: {x: 1, y: 1}
  m_BounceIntensity: 1
  m_ColorTemperature: 6570
  m_UseColorTemperature: 0
  m_BoundingSphereOverride: {x: 0, y: 0, z: 0, w: 0}
  m_UseBoundingSphereOverride: 0
  m_ShadowRadius: 0
  m_ShadowAngle: 0
--- !u!4 &1224499440
Transform:
  m_ObjectHideFlags: 0
  m_CorrespondingSourceObject: {fileID: 0}
  m_PrefabInstance: {fileID: 0}
  m_PrefabAsset: {fileID: 0}
  m_GameObject: {fileID: 1224499438}
  m_LocalRotation: {x: -0.5284218, y: -0.0997958, z: -0.60292983, w: 0.5893105}
  m_LocalPosition: {x: 0, y: 3, z: 0}
  m_LocalScale: {x: 1, y: 1, z: 1}
  m_Children: []
  m_Father: {fileID: 0}
  m_RootOrder: 2
  m_LocalEulerAnglesHint: {x: -48.000004, y: 50.942, z: -115.258}
--- !u!4 &1243213916 stripped
Transform:
  m_CorrespondingSourceObject: {fileID: 7178750291845461332, guid: 2e9a45c2830c74ac183f2cc939250ce2,
    type: 3}
  m_PrefabInstance: {fileID: 7178750293087601928}
  m_PrefabAsset: {fileID: 0}
--- !u!114 &1243213918 stripped
MonoBehaviour:
  m_CorrespondingSourceObject: {fileID: 7178750291845461334, guid: 2e9a45c2830c74ac183f2cc939250ce2,
    type: 3}
  m_PrefabInstance: {fileID: 7178750293087601928}
  m_PrefabAsset: {fileID: 0}
  m_GameObject: {fileID: 0}
  m_Enabled: 1
  m_EditorHideFlags: 0
  m_Script: {fileID: 11500000, guid: 1e23079122a6a824ebc68cc1513cf3f8, type: 3}
  m_Name: 
  m_EditorClassIdentifier: 
--- !u!1 &1244670509
GameObject:
  m_ObjectHideFlags: 1
  m_CorrespondingSourceObject: {fileID: 0}
  m_PrefabInstance: {fileID: 0}
  m_PrefabAsset: {fileID: 0}
  serializedVersion: 6
  m_Component:
  - component: {fileID: 1244670511}
  - component: {fileID: 1244670510}
  m_Layer: 0
  m_Name: QHierarchyObjectList
  m_TagString: Untagged
  m_Icon: {fileID: 0}
  m_NavMeshLayer: 0
  m_StaticEditorFlags: 0
  m_IsActive: 1
--- !u!114 &1244670510
MonoBehaviour:
  m_ObjectHideFlags: 1
  m_CorrespondingSourceObject: {fileID: 0}
  m_PrefabInstance: {fileID: 0}
  m_PrefabAsset: {fileID: 0}
  m_GameObject: {fileID: 1244670509}
  m_Enabled: 1
  m_EditorHideFlags: 0
  m_Script: {fileID: 11500000, guid: 845e8bd83609e3549af5a311ad811681, type: 3}
  m_Name: 
  m_EditorClassIdentifier: 
  lockedObjects: []
  editModeVisibileObjects: []
  editModeInvisibleObjects: []
  wireframeHiddenObjects: []
  gameObjectColorKeys: []
  gameObjectColorValues: []
--- !u!4 &1244670511
Transform:
  m_ObjectHideFlags: 1
  m_CorrespondingSourceObject: {fileID: 0}
  m_PrefabInstance: {fileID: 0}
  m_PrefabAsset: {fileID: 0}
  m_GameObject: {fileID: 1244670509}
  m_LocalRotation: {x: 0, y: 0, z: 0, w: 1}
  m_LocalPosition: {x: 0, y: 0, z: 0}
  m_LocalScale: {x: 1, y: 1, z: 1}
  m_Children: []
  m_Father: {fileID: 0}
  m_RootOrder: 11
  m_LocalEulerAnglesHint: {x: 0, y: 0, z: 0}
--- !u!4 &1249901657 stripped
Transform:
  m_CorrespondingSourceObject: {fileID: 653468024904251146, guid: 877f844afcb6847a7b5026daea0aa095,
    type: 3}
  m_PrefabInstance: {fileID: 653468023721659219}
  m_PrefabAsset: {fileID: 0}
--- !u!114 &1249901658 stripped
MonoBehaviour:
  m_CorrespondingSourceObject: {fileID: 653468024904251145, guid: 877f844afcb6847a7b5026daea0aa095,
    type: 3}
  m_PrefabInstance: {fileID: 653468023721659219}
  m_PrefabAsset: {fileID: 0}
  m_GameObject: {fileID: 0}
  m_Enabled: 1
  m_EditorHideFlags: 0
  m_Script: {fileID: 11500000, guid: 1e23079122a6a824ebc68cc1513cf3f8, type: 3}
  m_Name: 
  m_EditorClassIdentifier: 
--- !u!1 &1288813731 stripped
GameObject:
  m_CorrespondingSourceObject: {fileID: 8116158020432457233, guid: cfb96eda5e4c4174691b41194c5d3994,
    type: 3}
  m_PrefabInstance: {fileID: 8116158019412284082}
  m_PrefabAsset: {fileID: 0}
--- !u!1 &1297332210
GameObject:
  m_ObjectHideFlags: 0
  m_CorrespondingSourceObject: {fileID: 0}
  m_PrefabInstance: {fileID: 0}
  m_PrefabAsset: {fileID: 0}
  serializedVersion: 6
  m_Component:
  - component: {fileID: 1297332211}
  m_Layer: 0
  m_Name: DeviceSlides
  m_TagString: Untagged
  m_Icon: {fileID: 0}
  m_NavMeshLayer: 0
  m_StaticEditorFlags: 0
  m_IsActive: 1
--- !u!4 &1297332211
Transform:
  m_ObjectHideFlags: 0
  m_CorrespondingSourceObject: {fileID: 0}
  m_PrefabInstance: {fileID: 0}
  m_PrefabAsset: {fileID: 0}
  m_GameObject: {fileID: 1297332210}
  m_LocalRotation: {x: 0, y: 0, z: 0, w: 1}
  m_LocalPosition: {x: 0, y: 0, z: 0}
  m_LocalScale: {x: 1, y: 1, z: 1}
  m_Children:
  - {fileID: 1445860549}
  - {fileID: 281292205}
  - {fileID: 82942594}
  - {fileID: 1243213916}
  - {fileID: 1749435711}
  - {fileID: 959165179}
  - {fileID: 1249901657}
  - {fileID: 57444770}
  - {fileID: 905364762}
  m_Father: {fileID: 422886540}
  m_RootOrder: 0
  m_LocalEulerAnglesHint: {x: 0, y: 0, z: 0}
--- !u!4 &1445860549 stripped
Transform:
  m_CorrespondingSourceObject: {fileID: 1324115847369461140, guid: a4fd16622306f4bc7a8c80e1878d6ae8,
    type: 3}
  m_PrefabInstance: {fileID: 1324115848742443345}
  m_PrefabAsset: {fileID: 0}
--- !u!114 &1445860550 stripped
MonoBehaviour:
  m_CorrespondingSourceObject: {fileID: 1324115847369461143, guid: a4fd16622306f4bc7a8c80e1878d6ae8,
    type: 3}
  m_PrefabInstance: {fileID: 1324115848742443345}
  m_PrefabAsset: {fileID: 0}
  m_GameObject: {fileID: 0}
  m_Enabled: 1
  m_EditorHideFlags: 0
  m_Script: {fileID: 11500000, guid: 1e23079122a6a824ebc68cc1513cf3f8, type: 3}
  m_Name: 
  m_EditorClassIdentifier: 
--- !u!1 &1531595691 stripped
GameObject:
  m_CorrespondingSourceObject: {fileID: 8116158020675410201, guid: cfb96eda5e4c4174691b41194c5d3994,
    type: 3}
  m_PrefabInstance: {fileID: 8116158019412284082}
  m_PrefabAsset: {fileID: 0}
--- !u!1 &1664325517 stripped
GameObject:
  m_CorrespondingSourceObject: {fileID: 8116158020002661695, guid: cfb96eda5e4c4174691b41194c5d3994,
    type: 3}
  m_PrefabInstance: {fileID: 8116158019412284082}
  m_PrefabAsset: {fileID: 0}
--- !u!1 &1695231614
GameObject:
  m_ObjectHideFlags: 0
  m_CorrespondingSourceObject: {fileID: 0}
  m_PrefabInstance: {fileID: 0}
  m_PrefabAsset: {fileID: 0}
  serializedVersion: 6
  m_Component:
  - component: {fileID: 1695231616}
  - component: {fileID: 1695231615}
  - component: {fileID: 1695231617}
  m_Layer: 0
  m_Name: Point Light
  m_TagString: Untagged
  m_Icon: {fileID: 0}
  m_NavMeshLayer: 0
  m_StaticEditorFlags: 0
  m_IsActive: 1
--- !u!108 &1695231615
Light:
  m_ObjectHideFlags: 0
  m_CorrespondingSourceObject: {fileID: 0}
  m_PrefabInstance: {fileID: 0}
  m_PrefabAsset: {fileID: 0}
  m_GameObject: {fileID: 1695231614}
  m_Enabled: 1
  serializedVersion: 10
  m_Type: 2
  m_Shape: 0
  m_Color: {r: 0.5849056, g: 0.5849056, b: 0.5849056, a: 1}
  m_Intensity: 0.8
  m_Range: 3.67
  m_SpotAngle: 30
  m_InnerSpotAngle: 21.80208
  m_CookieSize: 10
  m_Shadows:
    m_Type: 2
    m_Resolution: -1
    m_CustomResolution: -1
    m_Strength: 1
    m_Bias: 0.05
    m_NormalBias: 0.4
    m_NearPlane: 0.2
    m_CullingMatrixOverride:
      e00: 1
      e01: 0
      e02: 0
      e03: 0
      e10: 0
      e11: 1
      e12: 0
      e13: 0
      e20: 0
      e21: 0
      e22: 1
      e23: 0
      e30: 0
      e31: 0
      e32: 0
      e33: 1
    m_UseCullingMatrixOverride: 0
  m_Cookie: {fileID: 0}
  m_DrawHalo: 0
  m_Flare: {fileID: 0}
  m_RenderMode: 0
  m_CullingMask:
    serializedVersion: 2
    m_Bits: 4294967295
  m_RenderingLayerMask: 1
  m_Lightmapping: 4
  m_LightShadowCasterMode: 0
  m_AreaSize: {x: 1, y: 1}
  m_BounceIntensity: 0
  m_ColorTemperature: 6570
  m_UseColorTemperature: 0
  m_BoundingSphereOverride: {x: 0, y: 0, z: 0, w: 0}
  m_UseBoundingSphereOverride: 0
  m_ShadowRadius: 0
  m_ShadowAngle: 0
--- !u!4 &1695231616
Transform:
  m_ObjectHideFlags: 0
  m_CorrespondingSourceObject: {fileID: 0}
  m_PrefabInstance: {fileID: 0}
  m_PrefabAsset: {fileID: 0}
  m_GameObject: {fileID: 1695231614}
  m_LocalRotation: {x: -0, y: -0, z: -0, w: 1}
  m_LocalPosition: {x: 0, y: 0.32, z: -0.404}
  m_LocalScale: {x: 1, y: 1, z: 1}
  m_Children: []
  m_Father: {fileID: 893530051}
  m_RootOrder: 2
  m_LocalEulerAnglesHint: {x: 0, y: 0, z: 0}
--- !u!114 &1695231617
MonoBehaviour:
  m_ObjectHideFlags: 0
  m_CorrespondingSourceObject: {fileID: 0}
  m_PrefabInstance: {fileID: 0}
  m_PrefabAsset: {fileID: 0}
  m_GameObject: {fileID: 1695231614}
  m_Enabled: 0
  m_EditorHideFlags: 0
  m_Script: {fileID: 11500000, guid: 927ac99b13f73584afd0d26871bfea88, type: 3}
  m_Name: 
  m_EditorClassIdentifier: 
--- !u!4 &1749435711 stripped
Transform:
  m_CorrespondingSourceObject: {fileID: 6491729181304849866, guid: 9f9e659adcb294d55bd3fb4674e4de3e,
    type: 3}
  m_PrefabInstance: {fileID: 6491729181979754741}
  m_PrefabAsset: {fileID: 0}
--- !u!1 &1994067959 stripped
GameObject:
  m_CorrespondingSourceObject: {fileID: 8116158020332477765, guid: cfb96eda5e4c4174691b41194c5d3994,
    type: 3}
  m_PrefabInstance: {fileID: 8116158019412284082}
  m_PrefabAsset: {fileID: 0}
--- !u!1 &2066509893 stripped
GameObject:
  m_CorrespondingSourceObject: {fileID: 8116158020136575735, guid: cfb96eda5e4c4174691b41194c5d3994,
    type: 3}
  m_PrefabInstance: {fileID: 8116158019412284082}
  m_PrefabAsset: {fileID: 0}
--- !u!1001 &653468023721659219
PrefabInstance:
  m_ObjectHideFlags: 0
  serializedVersion: 2
  m_Modification:
    m_TransformParent: {fileID: 1297332211}
    m_Modifications:
    - target: {fileID: 653468024904251146, guid: 877f844afcb6847a7b5026daea0aa095,
        type: 3}
      propertyPath: m_LocalPosition.x
      value: 7
      objectReference: {fileID: 0}
    - target: {fileID: 653468024904251146, guid: 877f844afcb6847a7b5026daea0aa095,
        type: 3}
      propertyPath: m_LocalPosition.y
      value: 0
      objectReference: {fileID: 0}
    - target: {fileID: 653468024904251146, guid: 877f844afcb6847a7b5026daea0aa095,
        type: 3}
      propertyPath: m_LocalPosition.z
      value: 0
      objectReference: {fileID: 0}
    - target: {fileID: 653468024904251146, guid: 877f844afcb6847a7b5026daea0aa095,
        type: 3}
      propertyPath: m_LocalRotation.x
      value: 0
      objectReference: {fileID: 0}
    - target: {fileID: 653468024904251146, guid: 877f844afcb6847a7b5026daea0aa095,
        type: 3}
      propertyPath: m_LocalRotation.y
      value: 0
      objectReference: {fileID: 0}
    - target: {fileID: 653468024904251146, guid: 877f844afcb6847a7b5026daea0aa095,
        type: 3}
      propertyPath: m_LocalRotation.z
      value: 0
      objectReference: {fileID: 0}
    - target: {fileID: 653468024904251146, guid: 877f844afcb6847a7b5026daea0aa095,
        type: 3}
      propertyPath: m_LocalRotation.w
      value: 1
      objectReference: {fileID: 0}
    - target: {fileID: 653468024904251146, guid: 877f844afcb6847a7b5026daea0aa095,
        type: 3}
      propertyPath: m_RootOrder
      value: 6
      objectReference: {fileID: 0}
    - target: {fileID: 653468024904251146, guid: 877f844afcb6847a7b5026daea0aa095,
        type: 3}
      propertyPath: m_LocalEulerAnglesHint.x
      value: 0
      objectReference: {fileID: 0}
    - target: {fileID: 653468024904251146, guid: 877f844afcb6847a7b5026daea0aa095,
        type: 3}
      propertyPath: m_LocalEulerAnglesHint.y
      value: 0
      objectReference: {fileID: 0}
    - target: {fileID: 653468024904251146, guid: 877f844afcb6847a7b5026daea0aa095,
        type: 3}
      propertyPath: m_LocalEulerAnglesHint.z
      value: 0
      objectReference: {fileID: 0}
    - target: {fileID: 653468024904251147, guid: 877f844afcb6847a7b5026daea0aa095,
        type: 3}
      propertyPath: m_Name
      value: DeviceSlide_LastOverview
      objectReference: {fileID: 0}
    m_RemovedComponents: []
  m_SourcePrefab: {fileID: 100100000, guid: 877f844afcb6847a7b5026daea0aa095, type: 3}
--- !u!1001 &1042493957374996386
PrefabInstance:
  m_ObjectHideFlags: 0
  serializedVersion: 2
  m_Modification:
    m_TransformParent: {fileID: 1297332211}
    m_Modifications:
    - target: {fileID: 1042493957094228495, guid: c0c69e8385a0348b598e0c78eb0b8651,
        type: 3}
      propertyPath: m_LocalPosition.x
      value: 3
      objectReference: {fileID: 0}
    - target: {fileID: 1042493957094228495, guid: c0c69e8385a0348b598e0c78eb0b8651,
        type: 3}
      propertyPath: m_LocalPosition.y
      value: 0
      objectReference: {fileID: 0}
    - target: {fileID: 1042493957094228495, guid: c0c69e8385a0348b598e0c78eb0b8651,
        type: 3}
      propertyPath: m_LocalPosition.z
      value: 0
      objectReference: {fileID: 0}
    - target: {fileID: 1042493957094228495, guid: c0c69e8385a0348b598e0c78eb0b8651,
        type: 3}
      propertyPath: m_LocalRotation.x
      value: 0
      objectReference: {fileID: 0}
    - target: {fileID: 1042493957094228495, guid: c0c69e8385a0348b598e0c78eb0b8651,
        type: 3}
      propertyPath: m_LocalRotation.y
      value: 0
      objectReference: {fileID: 0}
    - target: {fileID: 1042493957094228495, guid: c0c69e8385a0348b598e0c78eb0b8651,
        type: 3}
      propertyPath: m_LocalRotation.z
      value: 0
      objectReference: {fileID: 0}
    - target: {fileID: 1042493957094228495, guid: c0c69e8385a0348b598e0c78eb0b8651,
        type: 3}
      propertyPath: m_LocalRotation.w
      value: 1
      objectReference: {fileID: 0}
    - target: {fileID: 1042493957094228495, guid: c0c69e8385a0348b598e0c78eb0b8651,
        type: 3}
      propertyPath: m_RootOrder
      value: 1
      objectReference: {fileID: 0}
    - target: {fileID: 1042493957094228495, guid: c0c69e8385a0348b598e0c78eb0b8651,
        type: 3}
      propertyPath: m_LocalEulerAnglesHint.x
      value: 0
      objectReference: {fileID: 0}
    - target: {fileID: 1042493957094228495, guid: c0c69e8385a0348b598e0c78eb0b8651,
        type: 3}
      propertyPath: m_LocalEulerAnglesHint.y
      value: 0
      objectReference: {fileID: 0}
    - target: {fileID: 1042493957094228495, guid: c0c69e8385a0348b598e0c78eb0b8651,
        type: 3}
      propertyPath: m_LocalEulerAnglesHint.z
      value: 0
      objectReference: {fileID: 0}
    - target: {fileID: 1042493957174825619, guid: c0c69e8385a0348b598e0c78eb0b8651,
        type: 3}
      propertyPath: target
      value: 
      objectReference: {fileID: 92285213}
    - target: {fileID: 1042493957357608120, guid: c0c69e8385a0348b598e0c78eb0b8651,
        type: 3}
      propertyPath: m_Name
      value: DeviceSlide_Bluetooth
      objectReference: {fileID: 0}
    - target: {fileID: 1042493958127696158, guid: c0c69e8385a0348b598e0c78eb0b8651,
        type: 3}
      propertyPath: target
      value: 
      objectReference: {fileID: 727662649}
    m_RemovedComponents: []
  m_SourcePrefab: {fileID: 100100000, guid: c0c69e8385a0348b598e0c78eb0b8651, type: 3}
--- !u!1001 &1324115848742443345
PrefabInstance:
  m_ObjectHideFlags: 0
  serializedVersion: 2
  m_Modification:
    m_TransformParent: {fileID: 1297332211}
    m_Modifications:
    - target: {fileID: 1324115847369461140, guid: a4fd16622306f4bc7a8c80e1878d6ae8,
        type: 3}
      propertyPath: m_LocalPosition.x
      value: -2
      objectReference: {fileID: 0}
    - target: {fileID: 1324115847369461140, guid: a4fd16622306f4bc7a8c80e1878d6ae8,
        type: 3}
      propertyPath: m_LocalPosition.y
      value: 0
      objectReference: {fileID: 0}
    - target: {fileID: 1324115847369461140, guid: a4fd16622306f4bc7a8c80e1878d6ae8,
        type: 3}
      propertyPath: m_LocalPosition.z
      value: 0
      objectReference: {fileID: 0}
    - target: {fileID: 1324115847369461140, guid: a4fd16622306f4bc7a8c80e1878d6ae8,
        type: 3}
      propertyPath: m_LocalRotation.x
      value: 0
      objectReference: {fileID: 0}
    - target: {fileID: 1324115847369461140, guid: a4fd16622306f4bc7a8c80e1878d6ae8,
        type: 3}
      propertyPath: m_LocalRotation.y
      value: 0
      objectReference: {fileID: 0}
    - target: {fileID: 1324115847369461140, guid: a4fd16622306f4bc7a8c80e1878d6ae8,
        type: 3}
      propertyPath: m_LocalRotation.z
      value: 0
      objectReference: {fileID: 0}
    - target: {fileID: 1324115847369461140, guid: a4fd16622306f4bc7a8c80e1878d6ae8,
        type: 3}
      propertyPath: m_LocalRotation.w
      value: 1
      objectReference: {fileID: 0}
    - target: {fileID: 1324115847369461140, guid: a4fd16622306f4bc7a8c80e1878d6ae8,
        type: 3}
      propertyPath: m_RootOrder
      value: 0
      objectReference: {fileID: 0}
    - target: {fileID: 1324115847369461140, guid: a4fd16622306f4bc7a8c80e1878d6ae8,
        type: 3}
      propertyPath: m_LocalEulerAnglesHint.x
      value: 0
      objectReference: {fileID: 0}
    - target: {fileID: 1324115847369461140, guid: a4fd16622306f4bc7a8c80e1878d6ae8,
        type: 3}
      propertyPath: m_LocalEulerAnglesHint.y
      value: 0
      objectReference: {fileID: 0}
    - target: {fileID: 1324115847369461140, guid: a4fd16622306f4bc7a8c80e1878d6ae8,
        type: 3}
      propertyPath: m_LocalEulerAnglesHint.z
      value: 0
      objectReference: {fileID: 0}
    - target: {fileID: 1324115847369461141, guid: a4fd16622306f4bc7a8c80e1878d6ae8,
        type: 3}
      propertyPath: m_Name
      value: DeviceSlide_DeviceOverview
      objectReference: {fileID: 0}
    m_RemovedComponents: []
  m_SourcePrefab: {fileID: 100100000, guid: a4fd16622306f4bc7a8c80e1878d6ae8, type: 3}
--- !u!1001 &3496375368824965192
PrefabInstance:
  m_ObjectHideFlags: 0
  serializedVersion: 2
  m_Modification:
    m_TransformParent: {fileID: 1297332211}
    m_Modifications:
    - target: {fileID: 3496375368876573161, guid: c66cff3cdb9884ad5a26b9c357f65571,
        type: 3}
      propertyPath: m_Name
      value: DeviceSlide_Reference
      objectReference: {fileID: 0}
    - target: {fileID: 3496375368876573162, guid: c66cff3cdb9884ad5a26b9c357f65571,
        type: 3}
      propertyPath: m_LocalPosition.x
      value: 7
      objectReference: {fileID: 0}
    - target: {fileID: 3496375368876573162, guid: c66cff3cdb9884ad5a26b9c357f65571,
        type: 3}
      propertyPath: m_LocalPosition.y
      value: 0
      objectReference: {fileID: 0}
    - target: {fileID: 3496375368876573162, guid: c66cff3cdb9884ad5a26b9c357f65571,
        type: 3}
      propertyPath: m_LocalPosition.z
      value: 0
      objectReference: {fileID: 0}
    - target: {fileID: 3496375368876573162, guid: c66cff3cdb9884ad5a26b9c357f65571,
        type: 3}
      propertyPath: m_LocalRotation.x
      value: 0
      objectReference: {fileID: 0}
    - target: {fileID: 3496375368876573162, guid: c66cff3cdb9884ad5a26b9c357f65571,
        type: 3}
      propertyPath: m_LocalRotation.y
      value: 0
      objectReference: {fileID: 0}
    - target: {fileID: 3496375368876573162, guid: c66cff3cdb9884ad5a26b9c357f65571,
        type: 3}
      propertyPath: m_LocalRotation.z
      value: 0
      objectReference: {fileID: 0}
    - target: {fileID: 3496375368876573162, guid: c66cff3cdb9884ad5a26b9c357f65571,
        type: 3}
      propertyPath: m_LocalRotation.w
      value: 1
      objectReference: {fileID: 0}
    - target: {fileID: 3496375368876573162, guid: c66cff3cdb9884ad5a26b9c357f65571,
        type: 3}
      propertyPath: m_RootOrder
      value: 7
      objectReference: {fileID: 0}
    - target: {fileID: 3496375368876573162, guid: c66cff3cdb9884ad5a26b9c357f65571,
        type: 3}
      propertyPath: m_LocalEulerAnglesHint.x
      value: 0
      objectReference: {fileID: 0}
    - target: {fileID: 3496375368876573162, guid: c66cff3cdb9884ad5a26b9c357f65571,
        type: 3}
      propertyPath: m_LocalEulerAnglesHint.y
      value: 0
      objectReference: {fileID: 0}
    - target: {fileID: 3496375368876573162, guid: c66cff3cdb9884ad5a26b9c357f65571,
        type: 3}
      propertyPath: m_LocalEulerAnglesHint.z
      value: 0
      objectReference: {fileID: 0}
    m_RemovedComponents: []
  m_SourcePrefab: {fileID: 100100000, guid: c66cff3cdb9884ad5a26b9c357f65571, type: 3}
--- !u!1001 &4760721392280020805
PrefabInstance:
  m_ObjectHideFlags: 0
  serializedVersion: 2
  m_Modification:
    m_TransformParent: {fileID: 1297332211}
    m_Modifications:
    - target: {fileID: 4760721392214064580, guid: fca003cc85b67456d9058c2f8a4f2808,
        type: 3}
      propertyPath: m_Name
      value: DeviceSlide_BreakApart
      objectReference: {fileID: 0}
    - target: {fileID: 4760721392214064583, guid: fca003cc85b67456d9058c2f8a4f2808,
        type: 3}
      propertyPath: m_LocalPosition.x
      value: -1
      objectReference: {fileID: 0}
    - target: {fileID: 4760721392214064583, guid: fca003cc85b67456d9058c2f8a4f2808,
        type: 3}
      propertyPath: m_LocalPosition.y
      value: 0
      objectReference: {fileID: 0}
    - target: {fileID: 4760721392214064583, guid: fca003cc85b67456d9058c2f8a4f2808,
        type: 3}
      propertyPath: m_LocalPosition.z
      value: 0
      objectReference: {fileID: 0}
    - target: {fileID: 4760721392214064583, guid: fca003cc85b67456d9058c2f8a4f2808,
        type: 3}
      propertyPath: m_LocalRotation.x
      value: 0
      objectReference: {fileID: 0}
    - target: {fileID: 4760721392214064583, guid: fca003cc85b67456d9058c2f8a4f2808,
        type: 3}
      propertyPath: m_LocalRotation.y
      value: 0
      objectReference: {fileID: 0}
    - target: {fileID: 4760721392214064583, guid: fca003cc85b67456d9058c2f8a4f2808,
        type: 3}
      propertyPath: m_LocalRotation.z
      value: 0
      objectReference: {fileID: 0}
    - target: {fileID: 4760721392214064583, guid: fca003cc85b67456d9058c2f8a4f2808,
        type: 3}
      propertyPath: m_LocalRotation.w
      value: 1
      objectReference: {fileID: 0}
    - target: {fileID: 4760721392214064583, guid: fca003cc85b67456d9058c2f8a4f2808,
        type: 3}
      propertyPath: m_RootOrder
      value: 2
      objectReference: {fileID: 0}
    - target: {fileID: 4760721392214064583, guid: fca003cc85b67456d9058c2f8a4f2808,
        type: 3}
      propertyPath: m_LocalEulerAnglesHint.x
      value: 0
      objectReference: {fileID: 0}
    - target: {fileID: 4760721392214064583, guid: fca003cc85b67456d9058c2f8a4f2808,
        type: 3}
      propertyPath: m_LocalEulerAnglesHint.y
      value: 0
      objectReference: {fileID: 0}
    - target: {fileID: 4760721392214064583, guid: fca003cc85b67456d9058c2f8a4f2808,
        type: 3}
      propertyPath: m_LocalEulerAnglesHint.z
      value: 0
      objectReference: {fileID: 0}
    m_RemovedComponents: []
  m_SourcePrefab: {fileID: 100100000, guid: fca003cc85b67456d9058c2f8a4f2808, type: 3}
--- !u!1001 &6491729181979754741
PrefabInstance:
  m_ObjectHideFlags: 0
  serializedVersion: 2
  m_Modification:
    m_TransformParent: {fileID: 1297332211}
    m_Modifications:
    - target: {fileID: 3331828684745627967, guid: 9f9e659adcb294d55bd3fb4674e4de3e,
        type: 3}
      propertyPath: target
      value: 
      objectReference: {fileID: 660706122}
    - target: {fileID: 6491729181304849866, guid: 9f9e659adcb294d55bd3fb4674e4de3e,
        type: 3}
      propertyPath: m_LocalPosition.x
      value: 5
      objectReference: {fileID: 0}
    - target: {fileID: 6491729181304849866, guid: 9f9e659adcb294d55bd3fb4674e4de3e,
        type: 3}
      propertyPath: m_LocalPosition.y
      value: 0
      objectReference: {fileID: 0}
    - target: {fileID: 6491729181304849866, guid: 9f9e659adcb294d55bd3fb4674e4de3e,
        type: 3}
      propertyPath: m_LocalPosition.z
      value: 0
      objectReference: {fileID: 0}
    - target: {fileID: 6491729181304849866, guid: 9f9e659adcb294d55bd3fb4674e4de3e,
        type: 3}
      propertyPath: m_LocalRotation.x
      value: 0
      objectReference: {fileID: 0}
    - target: {fileID: 6491729181304849866, guid: 9f9e659adcb294d55bd3fb4674e4de3e,
        type: 3}
      propertyPath: m_LocalRotation.y
      value: 0
      objectReference: {fileID: 0}
    - target: {fileID: 6491729181304849866, guid: 9f9e659adcb294d55bd3fb4674e4de3e,
        type: 3}
      propertyPath: m_LocalRotation.z
      value: 0
      objectReference: {fileID: 0}
    - target: {fileID: 6491729181304849866, guid: 9f9e659adcb294d55bd3fb4674e4de3e,
        type: 3}
      propertyPath: m_LocalRotation.w
      value: 1
      objectReference: {fileID: 0}
    - target: {fileID: 6491729181304849866, guid: 9f9e659adcb294d55bd3fb4674e4de3e,
        type: 3}
      propertyPath: m_RootOrder
      value: 4
      objectReference: {fileID: 0}
    - target: {fileID: 6491729181304849866, guid: 9f9e659adcb294d55bd3fb4674e4de3e,
        type: 3}
      propertyPath: m_LocalEulerAnglesHint.x
      value: 0
      objectReference: {fileID: 0}
    - target: {fileID: 6491729181304849866, guid: 9f9e659adcb294d55bd3fb4674e4de3e,
        type: 3}
      propertyPath: m_LocalEulerAnglesHint.y
      value: 0
      objectReference: {fileID: 0}
    - target: {fileID: 6491729181304849866, guid: 9f9e659adcb294d55bd3fb4674e4de3e,
        type: 3}
      propertyPath: m_LocalEulerAnglesHint.z
      value: 0
      objectReference: {fileID: 0}
    - target: {fileID: 6491729181304849867, guid: 9f9e659adcb294d55bd3fb4674e4de3e,
        type: 3}
      propertyPath: m_Name
      value: DeviceSlide_PhoneNotification
      objectReference: {fileID: 0}
    m_RemovedComponents: []
  m_SourcePrefab: {fileID: 100100000, guid: 9f9e659adcb294d55bd3fb4674e4de3e, type: 3}
--- !u!1001 &7178750293087601928
PrefabInstance:
  m_ObjectHideFlags: 0
  serializedVersion: 2
  m_Modification:
    m_TransformParent: {fileID: 1297332211}
    m_Modifications:
    - target: {fileID: 7178750291845461331, guid: 2e9a45c2830c74ac183f2cc939250ce2,
        type: 3}
      propertyPath: m_Name
      value: DeviceSlide_Inhalation
      objectReference: {fileID: 0}
    - target: {fileID: 7178750291845461332, guid: 2e9a45c2830c74ac183f2cc939250ce2,
        type: 3}
      propertyPath: m_LocalPosition.x
      value: -1
      objectReference: {fileID: 0}
    - target: {fileID: 7178750291845461332, guid: 2e9a45c2830c74ac183f2cc939250ce2,
        type: 3}
      propertyPath: m_LocalPosition.y
      value: 0
      objectReference: {fileID: 0}
    - target: {fileID: 7178750291845461332, guid: 2e9a45c2830c74ac183f2cc939250ce2,
        type: 3}
      propertyPath: m_LocalPosition.z
      value: 0
      objectReference: {fileID: 0}
    - target: {fileID: 7178750291845461332, guid: 2e9a45c2830c74ac183f2cc939250ce2,
        type: 3}
      propertyPath: m_LocalRotation.x
      value: -0
      objectReference: {fileID: 0}
    - target: {fileID: 7178750291845461332, guid: 2e9a45c2830c74ac183f2cc939250ce2,
        type: 3}
      propertyPath: m_LocalRotation.y
      value: -0
      objectReference: {fileID: 0}
    - target: {fileID: 7178750291845461332, guid: 2e9a45c2830c74ac183f2cc939250ce2,
        type: 3}
      propertyPath: m_LocalRotation.z
      value: -0
      objectReference: {fileID: 0}
    - target: {fileID: 7178750291845461332, guid: 2e9a45c2830c74ac183f2cc939250ce2,
        type: 3}
      propertyPath: m_LocalRotation.w
      value: 1
      objectReference: {fileID: 0}
    - target: {fileID: 7178750291845461332, guid: 2e9a45c2830c74ac183f2cc939250ce2,
        type: 3}
      propertyPath: m_RootOrder
      value: 3
      objectReference: {fileID: 0}
    - target: {fileID: 7178750291845461332, guid: 2e9a45c2830c74ac183f2cc939250ce2,
        type: 3}
      propertyPath: m_LocalEulerAnglesHint.x
      value: 0
      objectReference: {fileID: 0}
    - target: {fileID: 7178750291845461332, guid: 2e9a45c2830c74ac183f2cc939250ce2,
        type: 3}
      propertyPath: m_LocalEulerAnglesHint.y
      value: 0
      objectReference: {fileID: 0}
    - target: {fileID: 7178750291845461332, guid: 2e9a45c2830c74ac183f2cc939250ce2,
        type: 3}
      propertyPath: m_LocalEulerAnglesHint.z
      value: 0
      objectReference: {fileID: 0}
    m_RemovedComponents: []
  m_SourcePrefab: {fileID: 100100000, guid: 2e9a45c2830c74ac183f2cc939250ce2, type: 3}
--- !u!1001 &8116158019412284082
PrefabInstance:
  m_ObjectHideFlags: 0
  serializedVersion: 2
  m_Modification:
    m_TransformParent: {fileID: 0}
    m_Modifications:
    - target: {fileID: 8116158018944496183, guid: cfb96eda5e4c4174691b41194c5d3994,
        type: 3}
      propertyPath: m_fontColor.r
      value: 0
      objectReference: {fileID: 0}
    - target: {fileID: 8116158018944496183, guid: cfb96eda5e4c4174691b41194c5d3994,
        type: 3}
      propertyPath: m_fontColor.g
      value: 0.6627451
      objectReference: {fileID: 0}
    - target: {fileID: 8116158018944496183, guid: cfb96eda5e4c4174691b41194c5d3994,
        type: 3}
      propertyPath: m_fontColor.b
      value: 0.56078434
      objectReference: {fileID: 0}
    - target: {fileID: 8116158018944496183, guid: cfb96eda5e4c4174691b41194c5d3994,
        type: 3}
      propertyPath: m_fontAsset
      value: 
      objectReference: {fileID: 11400000, guid: c6d028cc32e811643b2c22f893ec8e95,
        type: 2}
    - target: {fileID: 8116158018944496183, guid: cfb96eda5e4c4174691b41194c5d3994,
        type: 3}
      propertyPath: m_sharedMaterial
      value: 
      objectReference: {fileID: 114410458357325799, guid: c6d028cc32e811643b2c22f893ec8e95,
        type: 2}
    - target: {fileID: 8116158018944496183, guid: cfb96eda5e4c4174691b41194c5d3994,
        type: 3}
      propertyPath: m_lineSpacing
      value: 0
      objectReference: {fileID: 0}
    - target: {fileID: 8116158018999018924, guid: cfb96eda5e4c4174691b41194c5d3994,
        type: 3}
      propertyPath: m_textInfo.lineCount
      value: 1
      objectReference: {fileID: 0}
    - target: {fileID: 8116158019414660188, guid: cfb96eda5e4c4174691b41194c5d3994,
        type: 3}
      propertyPath: m_Sprite
      value: 
      objectReference: {fileID: 21300000, guid: 43afe66405fd36d4fa0777e4d8c5d696,
        type: 3}
    - target: {fileID: 8116158019414660189, guid: cfb96eda5e4c4174691b41194c5d3994,
        type: 3}
      propertyPath: m_OnClick.m_PersistentCalls.m_Calls.Array.data[0].m_Target
      value: 
      objectReference: {fileID: 1093639598}
    - target: {fileID: 8116158019414660189, guid: cfb96eda5e4c4174691b41194c5d3994,
        type: 3}
      propertyPath: m_SpriteState.m_HighlightedSprite
      value: 
      objectReference: {fileID: 21300000, guid: d3d3f315034d45046b9665fa8fcb8f94,
        type: 3}
    - target: {fileID: 8116158019414660189, guid: cfb96eda5e4c4174691b41194c5d3994,
        type: 3}
      propertyPath: m_SpriteState.m_PressedSprite
      value: 
      objectReference: {fileID: 21300000, guid: d3d3f315034d45046b9665fa8fcb8f94,
        type: 3}
    - target: {fileID: 8116158019414660189, guid: cfb96eda5e4c4174691b41194c5d3994,
        type: 3}
      propertyPath: m_SpriteState.m_SelectedSprite
      value: 
      objectReference: {fileID: 21300000, guid: d3d3f315034d45046b9665fa8fcb8f94,
        type: 3}
    - target: {fileID: 8116158019414660189, guid: cfb96eda5e4c4174691b41194c5d3994,
        type: 3}
      propertyPath: m_Navigation.m_Mode
      value: 0
      objectReference: {fileID: 0}
    - target: {fileID: 8116158019484728724, guid: cfb96eda5e4c4174691b41194c5d3994,
        type: 3}
      propertyPath: m_OnClick.m_PersistentCalls.m_Calls.Array.data[0].m_Target
      value: 
      objectReference: {fileID: 1093639598}
    - target: {fileID: 8116158019484728724, guid: cfb96eda5e4c4174691b41194c5d3994,
        type: 3}
      propertyPath: m_OnClick.m_PersistentCalls.m_Calls.Array.data[0].m_Mode
      value: 6
      objectReference: {fileID: 0}
    - target: {fileID: 8116158019484728724, guid: cfb96eda5e4c4174691b41194c5d3994,
        type: 3}
      propertyPath: m_OnClick.m_PersistentCalls.m_Calls.Array.data[0].m_Arguments.m_BoolArgument
      value: 1
      objectReference: {fileID: 0}
    - target: {fileID: 8116158019484728724, guid: cfb96eda5e4c4174691b41194c5d3994,
        type: 3}
      propertyPath: m_SpriteState.m_HighlightedSprite
      value: 
      objectReference: {fileID: 21300000, guid: 82d989662fa68b046a6cff0e5cdea06c,
        type: 3}
    - target: {fileID: 8116158019484728724, guid: cfb96eda5e4c4174691b41194c5d3994,
        type: 3}
      propertyPath: m_SpriteState.m_PressedSprite
      value: 
      objectReference: {fileID: 21300000, guid: 82d989662fa68b046a6cff0e5cdea06c,
        type: 3}
    - target: {fileID: 8116158019484728724, guid: cfb96eda5e4c4174691b41194c5d3994,
        type: 3}
      propertyPath: m_SpriteState.m_SelectedSprite
      value: 
      objectReference: {fileID: 21300000, guid: 82d989662fa68b046a6cff0e5cdea06c,
        type: 3}
    - target: {fileID: 8116158019484728725, guid: cfb96eda5e4c4174691b41194c5d3994,
        type: 3}
      propertyPath: m_Sprite
      value: 
      objectReference: {fileID: 21300000, guid: 2ce462d5697ff094c92a6d87fd5f1d26,
        type: 3}
    - target: {fileID: 8116158020002661666, guid: cfb96eda5e4c4174691b41194c5d3994,
        type: 3}
      propertyPath: m_Sprite
      value: 
      objectReference: {fileID: 21300000, guid: 7da9cb387ffe7e74695ae73da96022fc,
        type: 3}
    - target: {fileID: 8116158020002661693, guid: cfb96eda5e4c4174691b41194c5d3994,
        type: 3}
      propertyPath: m_OnClick.m_PersistentCalls.m_Calls.Array.data[0].m_Target
      value: 
      objectReference: {fileID: 1093639598}
    - target: {fileID: 8116158020002661693, guid: cfb96eda5e4c4174691b41194c5d3994,
        type: 3}
      propertyPath: m_SpriteState.m_HighlightedSprite
      value: 
      objectReference: {fileID: 21300000, guid: a7fe92f190e3c4543b83ec6d84f039b5,
        type: 3}
    - target: {fileID: 8116158020002661693, guid: cfb96eda5e4c4174691b41194c5d3994,
        type: 3}
      propertyPath: m_SpriteState.m_PressedSprite
      value: 
      objectReference: {fileID: 21300000, guid: a7fe92f190e3c4543b83ec6d84f039b5,
        type: 3}
    - target: {fileID: 8116158020002661693, guid: cfb96eda5e4c4174691b41194c5d3994,
        type: 3}
      propertyPath: m_SpriteState.m_SelectedSprite
      value: 
      objectReference: {fileID: 21300000, guid: a7fe92f190e3c4543b83ec6d84f039b5,
        type: 3}
    - target: {fileID: 8116158020136575733, guid: cfb96eda5e4c4174691b41194c5d3994,
        type: 3}
      propertyPath: m_OnClick.m_PersistentCalls.m_Calls.Array.data[0].m_Target
      value: 
      objectReference: {fileID: 1093639598}
    - target: {fileID: 8116158020136575733, guid: cfb96eda5e4c4174691b41194c5d3994,
        type: 3}
      propertyPath: m_SpriteState.m_HighlightedSprite
      value: 
      objectReference: {fileID: 21300000, guid: 1941e5181ffa507458751d8c867a3060,
        type: 3}
    - target: {fileID: 8116158020136575733, guid: cfb96eda5e4c4174691b41194c5d3994,
        type: 3}
      propertyPath: m_SpriteState.m_PressedSprite
      value: 
      objectReference: {fileID: 21300000, guid: 1941e5181ffa507458751d8c867a3060,
        type: 3}
    - target: {fileID: 8116158020136575733, guid: cfb96eda5e4c4174691b41194c5d3994,
        type: 3}
      propertyPath: m_SpriteState.m_SelectedSprite
      value: 
      objectReference: {fileID: 21300000, guid: 1941e5181ffa507458751d8c867a3060,
        type: 3}
    - target: {fileID: 8116158020136575738, guid: cfb96eda5e4c4174691b41194c5d3994,
        type: 3}
      propertyPath: m_Sprite
      value: 
      objectReference: {fileID: 21300000, guid: ec780b9125f87c34f84d1f71cf80a044,
        type: 3}
    - target: {fileID: 8116158020332477768, guid: cfb96eda5e4c4174691b41194c5d3994,
        type: 3}
      propertyPath: m_Sprite
      value: 
      objectReference: {fileID: 21300000, guid: e968ba71dd8e2b64aa7b55280351ea92,
        type: 3}
    - target: {fileID: 8116158020332477771, guid: cfb96eda5e4c4174691b41194c5d3994,
        type: 3}
      propertyPath: m_OnClick.m_PersistentCalls.m_Calls.Array.data[0].m_Target
      value: 
      objectReference: {fileID: 1093639598}
    - target: {fileID: 8116158020332477771, guid: cfb96eda5e4c4174691b41194c5d3994,
        type: 3}
      propertyPath: m_SpriteState.m_HighlightedSprite
      value: 
      objectReference: {fileID: 21300000, guid: a054b2b22396c7a47ac92d113844cdc8,
        type: 3}
    - target: {fileID: 8116158020332477771, guid: cfb96eda5e4c4174691b41194c5d3994,
        type: 3}
      propertyPath: m_SpriteState.m_PressedSprite
      value: 
      objectReference: {fileID: 21300000, guid: a054b2b22396c7a47ac92d113844cdc8,
        type: 3}
    - target: {fileID: 8116158020332477771, guid: cfb96eda5e4c4174691b41194c5d3994,
        type: 3}
      propertyPath: m_SpriteState.m_SelectedSprite
      value: 
      objectReference: {fileID: 21300000, guid: a054b2b22396c7a47ac92d113844cdc8,
        type: 3}
    - target: {fileID: 8116158020368759522, guid: cfb96eda5e4c4174691b41194c5d3994,
        type: 3}
      propertyPath: m_LocalPosition.x
      value: 0
      objectReference: {fileID: 0}
    - target: {fileID: 8116158020368759522, guid: cfb96eda5e4c4174691b41194c5d3994,
        type: 3}
      propertyPath: m_LocalPosition.y
      value: 0
      objectReference: {fileID: 0}
    - target: {fileID: 8116158020368759522, guid: cfb96eda5e4c4174691b41194c5d3994,
        type: 3}
      propertyPath: m_LocalPosition.z
      value: 0
      objectReference: {fileID: 0}
    - target: {fileID: 8116158020368759522, guid: cfb96eda5e4c4174691b41194c5d3994,
        type: 3}
      propertyPath: m_LocalRotation.x
      value: 0
      objectReference: {fileID: 0}
    - target: {fileID: 8116158020368759522, guid: cfb96eda5e4c4174691b41194c5d3994,
        type: 3}
      propertyPath: m_LocalRotation.y
      value: 0
      objectReference: {fileID: 0}
    - target: {fileID: 8116158020368759522, guid: cfb96eda5e4c4174691b41194c5d3994,
        type: 3}
      propertyPath: m_LocalRotation.z
      value: 0
      objectReference: {fileID: 0}
    - target: {fileID: 8116158020368759522, guid: cfb96eda5e4c4174691b41194c5d3994,
        type: 3}
      propertyPath: m_LocalRotation.w
      value: 1
      objectReference: {fileID: 0}
    - target: {fileID: 8116158020368759522, guid: cfb96eda5e4c4174691b41194c5d3994,
        type: 3}
      propertyPath: m_RootOrder
      value: 8
      objectReference: {fileID: 0}
    - target: {fileID: 8116158020368759522, guid: cfb96eda5e4c4174691b41194c5d3994,
        type: 3}
      propertyPath: m_LocalEulerAnglesHint.x
      value: 0
      objectReference: {fileID: 0}
    - target: {fileID: 8116158020368759522, guid: cfb96eda5e4c4174691b41194c5d3994,
        type: 3}
      propertyPath: m_LocalEulerAnglesHint.y
      value: 0
      objectReference: {fileID: 0}
    - target: {fileID: 8116158020368759522, guid: cfb96eda5e4c4174691b41194c5d3994,
        type: 3}
      propertyPath: m_LocalEulerAnglesHint.z
      value: 0
      objectReference: {fileID: 0}
    - target: {fileID: 8116158020368759522, guid: cfb96eda5e4c4174691b41194c5d3994,
        type: 3}
      propertyPath: m_AnchoredPosition.x
      value: 0
      objectReference: {fileID: 0}
    - target: {fileID: 8116158020368759522, guid: cfb96eda5e4c4174691b41194c5d3994,
        type: 3}
      propertyPath: m_AnchoredPosition.y
      value: 0
      objectReference: {fileID: 0}
    - target: {fileID: 8116158020368759522, guid: cfb96eda5e4c4174691b41194c5d3994,
        type: 3}
      propertyPath: m_SizeDelta.x
      value: 0
      objectReference: {fileID: 0}
    - target: {fileID: 8116158020368759522, guid: cfb96eda5e4c4174691b41194c5d3994,
        type: 3}
      propertyPath: m_SizeDelta.y
      value: 0
      objectReference: {fileID: 0}
    - target: {fileID: 8116158020368759522, guid: cfb96eda5e4c4174691b41194c5d3994,
        type: 3}
      propertyPath: m_AnchorMin.x
      value: 0
      objectReference: {fileID: 0}
    - target: {fileID: 8116158020368759522, guid: cfb96eda5e4c4174691b41194c5d3994,
        type: 3}
      propertyPath: m_AnchorMin.y
      value: 0
      objectReference: {fileID: 0}
    - target: {fileID: 8116158020368759522, guid: cfb96eda5e4c4174691b41194c5d3994,
        type: 3}
      propertyPath: m_AnchorMax.x
      value: 0
      objectReference: {fileID: 0}
    - target: {fileID: 8116158020368759522, guid: cfb96eda5e4c4174691b41194c5d3994,
        type: 3}
      propertyPath: m_AnchorMax.y
      value: 0
      objectReference: {fileID: 0}
    - target: {fileID: 8116158020368759522, guid: cfb96eda5e4c4174691b41194c5d3994,
        type: 3}
      propertyPath: m_Pivot.x
      value: 0
      objectReference: {fileID: 0}
    - target: {fileID: 8116158020368759522, guid: cfb96eda5e4c4174691b41194c5d3994,
        type: 3}
      propertyPath: m_Pivot.y
      value: 0
      objectReference: {fileID: 0}
    - target: {fileID: 8116158020368759550, guid: cfb96eda5e4c4174691b41194c5d3994,
        type: 3}
      propertyPath: m_Name
      value: Canvas
      objectReference: {fileID: 0}
    - target: {fileID: 8116158020368759551, guid: cfb96eda5e4c4174691b41194c5d3994,
        type: 3}
      propertyPath: m_BlockingMask.m_Bits
      value: 55
      objectReference: {fileID: 0}
    - target: {fileID: 8116158020368759551, guid: cfb96eda5e4c4174691b41194c5d3994,
        type: 3}
      propertyPath: m_Enabled
      value: 1
      objectReference: {fileID: 0}
    - target: {fileID: 8116158020432457236, guid: cfb96eda5e4c4174691b41194c5d3994,
        type: 3}
      propertyPath: m_Sprite
      value: 
      objectReference: {fileID: 21300000, guid: 7f8ca4cedd42f44459f63a71a07d21f3,
        type: 3}
    - target: {fileID: 8116158020432457239, guid: cfb96eda5e4c4174691b41194c5d3994,
        type: 3}
      propertyPath: m_OnClick.m_PersistentCalls.m_Calls.Array.data[0].m_Target
      value: 
      objectReference: {fileID: 1093639598}
    - target: {fileID: 8116158020432457239, guid: cfb96eda5e4c4174691b41194c5d3994,
        type: 3}
      propertyPath: m_SpriteState.m_HighlightedSprite
      value: 
      objectReference: {fileID: 21300000, guid: ff4380d024c9f0b49abcf22dfacc038b,
        type: 3}
    - target: {fileID: 8116158020432457239, guid: cfb96eda5e4c4174691b41194c5d3994,
        type: 3}
      propertyPath: m_SpriteState.m_PressedSprite
      value: 
      objectReference: {fileID: 21300000, guid: ff4380d024c9f0b49abcf22dfacc038b,
        type: 3}
    - target: {fileID: 8116158020432457239, guid: cfb96eda5e4c4174691b41194c5d3994,
        type: 3}
      propertyPath: m_SpriteState.m_SelectedSprite
      value: 
      objectReference: {fileID: 21300000, guid: ff4380d024c9f0b49abcf22dfacc038b,
        type: 3}
    - target: {fileID: 8116158020456110224, guid: cfb96eda5e4c4174691b41194c5d3994,
        type: 3}
      propertyPath: m_Pivot.y
      value: 1
      objectReference: {fileID: 0}
    - target: {fileID: 8116158020675410204, guid: cfb96eda5e4c4174691b41194c5d3994,
        type: 3}
      propertyPath: m_OnClick.m_PersistentCalls.m_Calls.Array.data[0].m_Target
      value: 
      objectReference: {fileID: 1093639598}
    - target: {fileID: 8116158020675410204, guid: cfb96eda5e4c4174691b41194c5d3994,
        type: 3}
      propertyPath: m_Navigation.m_Mode
      value: 0
      objectReference: {fileID: 0}
    - target: {fileID: 8116158020675410204, guid: cfb96eda5e4c4174691b41194c5d3994,
        type: 3}
      propertyPath: m_OnClick.m_PersistentCalls.m_Calls.Array.data[0].m_Arguments.m_IntArgument
      value: 4
      objectReference: {fileID: 0}
    - target: {fileID: 8116158020675410204, guid: cfb96eda5e4c4174691b41194c5d3994,
        type: 3}
      propertyPath: m_SpriteState.m_HighlightedSprite
      value: 
      objectReference: {fileID: 21300000, guid: c6cd514ae4afa2040a2fbefc43ac3501,
        type: 3}
    - target: {fileID: 8116158020675410204, guid: cfb96eda5e4c4174691b41194c5d3994,
        type: 3}
      propertyPath: m_SpriteState.m_PressedSprite
      value: 
      objectReference: {fileID: 21300000, guid: c6cd514ae4afa2040a2fbefc43ac3501,
        type: 3}
    - target: {fileID: 8116158020675410204, guid: cfb96eda5e4c4174691b41194c5d3994,
        type: 3}
      propertyPath: m_SpriteState.m_SelectedSprite
      value: 
      objectReference: {fileID: 21300000, guid: c6cd514ae4afa2040a2fbefc43ac3501,
        type: 3}
    - target: {fileID: 8116158020675410204, guid: cfb96eda5e4c4174691b41194c5d3994,
        type: 3}
      propertyPath: m_SpriteState.m_DisabledSprite
      value: 
      objectReference: {fileID: 21300000, guid: c6cd514ae4afa2040a2fbefc43ac3501,
        type: 3}
    - target: {fileID: 8116158020675410207, guid: cfb96eda5e4c4174691b41194c5d3994,
        type: 3}
      propertyPath: m_Sprite
      value: 
      objectReference: {fileID: 21300000, guid: a685365fa6ecf924087f61fe7b726968,
        type: 3}
    - target: {fileID: 8116158020707276796, guid: cfb96eda5e4c4174691b41194c5d3994,
        type: 3}
      propertyPath: m_OnClick.m_PersistentCalls.m_Calls.Array.data[0].m_Target
      value: 
      objectReference: {fileID: 1093639598}
    - target: {fileID: 8116158020707276796, guid: cfb96eda5e4c4174691b41194c5d3994,
        type: 3}
      propertyPath: m_SpriteState.m_HighlightedSprite
      value: 
      objectReference: {fileID: 21300000, guid: 804c8057f8e73074a84173de74386627,
        type: 3}
    - target: {fileID: 8116158020707276796, guid: cfb96eda5e4c4174691b41194c5d3994,
        type: 3}
      propertyPath: m_SpriteState.m_PressedSprite
      value: 
      objectReference: {fileID: 21300000, guid: 804c8057f8e73074a84173de74386627,
        type: 3}
    - target: {fileID: 8116158020707276796, guid: cfb96eda5e4c4174691b41194c5d3994,
        type: 3}
      propertyPath: m_SpriteState.m_SelectedSprite
      value: 
      objectReference: {fileID: 21300000, guid: 804c8057f8e73074a84173de74386627,
        type: 3}
    - target: {fileID: 8116158020707276797, guid: cfb96eda5e4c4174691b41194c5d3994,
        type: 3}
      propertyPath: m_Sprite
      value: 
      objectReference: {fileID: 21300000, guid: a39eadb1011bf9141bbf5d9a7c93c83b,
        type: 3}
    m_RemovedComponents: []
  m_SourcePrefab: {fileID: 100100000, guid: cfb96eda5e4c4174691b41194c5d3994, type: 3}
--- !u!114 &8116158019412284083 stripped
MonoBehaviour:
  m_CorrespondingSourceObject: {fileID: 8116158020432457236, guid: cfb96eda5e4c4174691b41194c5d3994,
    type: 3}
  m_PrefabInstance: {fileID: 8116158019412284082}
  m_PrefabAsset: {fileID: 0}
  m_GameObject: {fileID: 1288813731}
  m_Enabled: 1
  m_EditorHideFlags: 0
  m_Script: {fileID: 11500000, guid: fe87c0e1cc204ed48ad3b37840f39efc, type: 3}
  m_Name: 
  m_EditorClassIdentifier: 
--- !u!114 &8116158019412284084 stripped
MonoBehaviour:
  m_CorrespondingSourceObject: {fileID: 8116158020136575738, guid: cfb96eda5e4c4174691b41194c5d3994,
    type: 3}
  m_PrefabInstance: {fileID: 8116158019412284082}
  m_PrefabAsset: {fileID: 0}
  m_GameObject: {fileID: 2066509893}
  m_Enabled: 1
  m_EditorHideFlags: 0
  m_Script: {fileID: 11500000, guid: fe87c0e1cc204ed48ad3b37840f39efc, type: 3}
  m_Name: 
  m_EditorClassIdentifier: 
--- !u!1001 &8906228820551940239
PrefabInstance:
  m_ObjectHideFlags: 0
  serializedVersion: 2
  m_Modification:
    m_TransformParent: {fileID: 1297332211}
    m_Modifications:
    - target: {fileID: 8906228820939606644, guid: 2419aefdafb994b9eb07290c8a4918a2,
        type: 3}
      propertyPath: m_LocalPosition.x
      value: 5
      objectReference: {fileID: 0}
    - target: {fileID: 8906228820939606644, guid: 2419aefdafb994b9eb07290c8a4918a2,
        type: 3}
      propertyPath: m_LocalPosition.y
      value: 0
      objectReference: {fileID: 0}
    - target: {fileID: 8906228820939606644, guid: 2419aefdafb994b9eb07290c8a4918a2,
        type: 3}
      propertyPath: m_LocalPosition.z
      value: 0
      objectReference: {fileID: 0}
    - target: {fileID: 8906228820939606644, guid: 2419aefdafb994b9eb07290c8a4918a2,
        type: 3}
      propertyPath: m_LocalRotation.x
      value: 0
      objectReference: {fileID: 0}
    - target: {fileID: 8906228820939606644, guid: 2419aefdafb994b9eb07290c8a4918a2,
        type: 3}
      propertyPath: m_LocalRotation.y
      value: 0
      objectReference: {fileID: 0}
    - target: {fileID: 8906228820939606644, guid: 2419aefdafb994b9eb07290c8a4918a2,
        type: 3}
      propertyPath: m_LocalRotation.z
      value: 0
      objectReference: {fileID: 0}
    - target: {fileID: 8906228820939606644, guid: 2419aefdafb994b9eb07290c8a4918a2,
        type: 3}
      propertyPath: m_LocalRotation.w
      value: 1
      objectReference: {fileID: 0}
    - target: {fileID: 8906228820939606644, guid: 2419aefdafb994b9eb07290c8a4918a2,
        type: 3}
      propertyPath: m_RootOrder
      value: 5
      objectReference: {fileID: 0}
    - target: {fileID: 8906228820939606644, guid: 2419aefdafb994b9eb07290c8a4918a2,
        type: 3}
      propertyPath: m_LocalEulerAnglesHint.x
      value: 0
      objectReference: {fileID: 0}
    - target: {fileID: 8906228820939606644, guid: 2419aefdafb994b9eb07290c8a4918a2,
        type: 3}
      propertyPath: m_LocalEulerAnglesHint.y
      value: 0
      objectReference: {fileID: 0}
    - target: {fileID: 8906228820939606644, guid: 2419aefdafb994b9eb07290c8a4918a2,
        type: 3}
      propertyPath: m_LocalEulerAnglesHint.z
      value: 0
      objectReference: {fileID: 0}
    - target: {fileID: 8906228820939606645, guid: 2419aefdafb994b9eb07290c8a4918a2,
        type: 3}
      propertyPath: m_Name
      value: DeviceSlide_PhoneScreens
      objectReference: {fileID: 0}
    m_RemovedComponents: []
  m_SourcePrefab: {fileID: 100100000, guid: 2419aefdafb994b9eb07290c8a4918a2, type: 3}
